3412 5250
689 297 909 362 „37-

158 489 295 574 denique
324 486 560 571 imperativum,
590 491 627 553 ut
657 483 769 555 Τ275
800 485 832 551 Ψ
858 491 931 556 158.
977 487 1086 554 Etiam
1114 489 1307 571 pronomina
1338 490 1438 572 parti-

159 595 249 660 culas
282 601 329 656 νῦν
361 592 394 656 δέ
424 593 653 678 subsequentia
684 593 949 679 investigavimus
982 599 1018 659 ut
1049 591 1070 655 Z
1095 599 1157 662 337
1188 603 1236 658 νῦν
1265 593 1299 656 δέ
1327 617 1363 680 με
1385 596 1437 676 (cf.

160 696 552 786 6370K124)‚l66
582 707 629 762 νῦν
652 699 685 762 δέ
708 721 750 780 οε,
781 704 871 785 χ54
894 709 941 763 νῦν
965 697 1274 784 δ’ὁμὲν..,.σὺ
1297 699 1436 770 δὲ....

266 846 318 910 39.
341 843 499 908 Peneleus
532 841 728 909 Boeotorum
764 843 827 908 dux
863 864 948 908 cum*
969 847 1068 926 caput
1101 843 1247 909 avulsum
1286 845 1438 910 trucidati

158 951 273 1015 Ilionei
297 949 391 1014 hasta
410 953 563 1036 gestaret,
586 949 666 1014 haec
681 949 813 1031 insuper
827 950 925 1015 verba
940 950 975 1013 in
991 949 1149 1016 Troianos
1165 951 1301 1016 iactasse
1318 951 1438 1018 fertur:

296 1053 405 1124 3501
432 1079 478 1140 sq.
503 1051 673 1141 νειπὲμεναί
692 1076 741 1140 μοι
763 1051 876 1139 Τρῶες,
900 1054 1012 1136 ἀγαοοῦ
1034 1057 1179 1143 trimano:

501 1164 588 1247 πατρὶ
612 1158 687 1248 μίλῳ
710 1165 762 1226 καὶ
785 1165 874 1248 μητρὶ
896 1167 1037 1250 γοήμεναι
1061 1161 1090 1226 ἐν
1114 1161 1279 1250 μεγάροισιν

157 1269 330 1351 ‘mandata
354 1293 484 1355 quaeso,
508 1271 656 1351 Troiani,
674 1270 792 1336 nobilis
813 1271 929 1336 Ilionei
956 1272 1156 1353 parentibus,
1185 1277 1221 1337 ut
1250 1272 1440 1338 insedibus

159 1378 423 1444 lamentationem
450 1378 624 1444 instituant
651 1374 840 1444 funebrem'.
886 1378 929 1442 Et
952 1378 1113 1444 intellexit
1135 1377 1264 1445 Ahrens
1287 1379 1439 1446 Solonem

159 1486 275 1550 horum
308 1507 455 1550 versuum
489 1486 691 1550 recordatum
727 1507 795 1550 esse
827 1484 860 1548 in
875 1525 876 1530 κ
893 1487 1114 1568 componendo
1146 1486 1208 1552 hoc
1236 1486 1373 1552 disticho
1397 1488 1437 1552 ab

160 1591 335 1656 Aristotele
359 1588 467 1678 (Rhet.
490 1590 564 1678 Ina)
588 1597 714 1657 servato

375 1699 414 1765 fr.
439 1698 480 1764 22
502 1695 589 1762 sinain
611 1720 660 1784 μοι
683 1695 800 1783 Κριτὶογ,
823 1703 995 1784 πορρότριχι
1017 1701 1127 1782 πατρὸς
1150 1695 1287 1763 ἀκούειν’

554 1801 588 1870 ob
610 1810 667 1889 γὰρ
690 1803 856 1890 ἁμαρτινόῳ
879 1808 1006 1868 πείσεται
1026 1803 1169 1892 ἡγεμόνι.

158 1929 320 1996 ‘mandate
344 1927 514 2017 (mandor),
545 1953 674 2016 quaeso,
706 1931 823 1997 Critiae
850 1932 948 1998 rutilo
977 1933 1094 2014 capillo
1125 1933 1256 2019 insigni,
1286 1937 1323 1997 ut
1352 1933 1438 2016 patri

161 2041 342 2106 oboediret:
387 2062 490 2124 neque
530 2041 614 2106 enim
656 2041 729 2106 duci
771 2041 896 2106 fallacis
930 2039 1029 2105 animi
1062 2036 1206 2122 parebit’.
1257 2040 1438 2124 Utrobique

161 2148 261 2232 igitur
289 2152 321 2212 et
349 2147 542 2213 infinitivum
574 2148 756 2230 imperativi
786 2149 855 2214 vice
887 2150 1076 2234 fungentem
1106 2152 1139 2212 et
1163 2148 1314 2227 dativum,
1343 2170 1435 2232 quem

163 2259 277 2320 vocant
308 2255 448 2320 ethicum
477 2277 526 2340 μοι
549 2261 581 2320 et
603 2257 637 2320 in
661 2255 767 2321 verbis
790 2256 1060 2340 subsequentibus
1088 2256 1219 2320 eandem
1244 2260 1438 2320 structuram

164 2351 362 2426 communem
394 2385 461 2427 esse
490 2363 642 2428 videmus.
687 2363 724 2428 Id
756 2385 829 2428 vero
854 2363 1036 2442 dolendum,
1067 2363 1153 2447 quod
1177 2363 1345 2440 nescimus,
1375 2385 1438 2446 quo

162 2469 368 2552 imperativus
403 2465 489 2532 εἰπεῖν
527 2470 569 2534 sit
606 2470 803 2538 referendus.
849 2468 943 2534 Unde
980 2470 1060 2534 illud
1098 2469 1166 2534 iure
1205 2469 1339 2554 colligas
1377 2469 1439 2532 hoc

164 2577 322 2641 distichon
346 2599 411 2642 non
436 2577 634 2662 epigramma
656 2578 690 2641 in
707 2576 838 2642 (initiam
862 2576 970 2655 fuisse,
994 2577 1050 2642 sed
1074 2599 1112 2641 ex
1132 2577 1274 2662 elegiaco
1299 2577 1439 2641 carmine

164 2707 261 2749 unum
277 2707 453 2767 superesse.
489 2683 591 2760 Quam
608 2685 742 2770 elegiam
760 2689 792 2749 et
808 2684 1069 2757 familiaritatem,
1090 2706 1171 2769 quae
1187 2684 1272 2749 inter
1287 2683 1437 2748 Solonem

164 2795 194 2855 et
216 2792 390 2873 Dropidem
414 2795 538 2874 patrem
563 2793 679 2857 Critiae
703 2793 938 2869 intercesserat,
969 2797 1001 2856 et
1024 2793 1151 2856 laudem
1174 2791 1330 2872 venusti¹)
1360 2791 1438 2854 adu-

164 2899 312 2964 lescentis
335 2901 512 2964 celebrasse
538 2905 788 2964 consentaneum
813 2904 872 2964 est.

269 3023 331 3089 Sed
354 3023 434 3088 haec
457 3024 628 3102 hactenus;
659 3047 745 3089 nunc
776 3048 851 3090 vero
883 3025 1028 3089 criticum
1059 3025 1181 3110 aliquid
1209 3025 1437 3090 adnotabimus

163 3131 292 3196 Etenim
315 3131 489 3196 scholiasta
513 3132 642 3216 quidam
666 3133 813 3197 Platonis
838 3138 870 3197 et
893 3132 1028 3196 Proclus
1051 3132 1085 3196 in
1106 3132 1270 3197 Timaeum
1296 3129 1337 3217 (p.
1355 3129 1438 3217 25F)

163 3239 249 3304 hunc
272 3239 306 3304 in
328 3240 458 3304 modum
481 3240 562 3305 illud
585 3239 746 3304 distichon
769 3241 944 3304 tradidere:

504 3342 661 3430 Εἰπὲμενοιι
683 3343 791 3431 Κριτίγγ
814 3343 985 3432 ξανθότριχι
1008 3350 1118 3430 πατρὸς
1142 3345 1256 3410 ἀκοίιειν
1279 3347 1343 3412 κτλ.

164 3455 211 3520 De
236 3454 346 3536 capilli
370 3454 498 3539 quidem
524 3455 631 3519 colore
655 3455 759 3519 rixam
784 3477 850 3520 non
874 3455 1091 3520 movebimus:
1115 3455 1273 3542 gravioris
1296 3460 1440 3520 moment

162 3567 210 3627 est
239 3561 367 3626 initium
400 3556 569 3645 εἰπέμεναι.
601 3561 778 3646 Postquam
808 3561 892 3626 enim
922 3556 1052 3627 Ahrens
1084 3563 1118 3626 in
1150 3563 1230 3628 actis
1263 3563 1440 3648 philologis

162 3669 450 3754 (Verbandlungen
484 3670 539 3734 der
565 3673 615 3738 13.
639 3670 889 3756 Versammlung
918 3671 1087 3736 deutschen
1110 3670 1305 3756 Philologen
1330 3719 1337 3733 .
1364 3724 1369 3734 .
1397 3722 1403 3735 .
1430 3722 1437 3735 .

162 3777 194 3840 in
224 3776 421 3862 Goettingen
453 3778 549 3856 1853)
584 3799 615 3859 p.
640 3781 680 3844 57
718 3779 849 3863 negavit
883 3778 968 3860 apud
1003 3777 1162 3862 elegiacos
1195 3779 1371 3844 infinitivos
1405 3778 1440 3841 in

161 3887 276 3969 -εμενοιι
305 3884 356 3948 vel
383 3887 468 3967 -έμεν
498 3885 648 3948 cadentes
678 3884 712 3948 in
744 3907 802 3949 usu
830 3884 937 3964 fuisse,
967 3889 1000 3950 et
1022 3883 1207 3950 Aristotelis
1234 3885 1438 3950 traditionem

161 3992 327 4072 praetulit,
350 3990 481 4055 Renner
502 3992 536 4055 in
561 3991 661 4056 Curtii
684 3991 799 4056 studiis
822 3992 859 4070 (I.
883 3995 966 4074 part.
992 3996 1021 4072 2,
1046 4015 1077 4073 p.
1096 3995 1135 4056 31
1157 3996 1189 4056 et
1205 3995 1259 4072 ll)
1283 3997 1315 4056 et
1330 3991 1439 4076 Bergk

161 4098 194 4161 in
218 4097 427 4162 adnotatione
451 4098 491 4162 ad
515 4097 661 4182 Theogn.
686 4121 715 4162 v.
741 4102 804 4164 806
835 4103 885 4163 tot
914 4098 1060 4180 exempla
1091 4098 1246 4163 eiusmodi
1270 4121 1439 4184 congesse-

162 4209 248 4284 runt,
276 4209 314 4268 ut
342 4204 487 4269 dubium·
503 4227 569 4269 non
600 4205 651 4285 sit,
682 4205 760 4290 quin
788 4205 843 4270 ille
872 4206 1024 4288 deceptus
1048 4205 1098 4269 sit.
1146 4205 1220 4271 Utri
1243 4207 1343 4291 igitur
1364 4206 1439 4288 plus

162 4311 235 4376 fidei
258 4312 458 4386 habebimus
481 4311 627 4378 Platonis
651 4312 834 4378 scholiastis
858 4311 1114 4378 anAristoteliP
1161 4313 1318 4398 Equidem
1348 4313 1438 4378 inre

161 4423 229 4483 tam
264 4419 360 4484 dubia
393 4420 464 4484 ideo
496 4419 668 4484 lectionem
700 4419 874 4504 Stagiritae
912 4420 1133 4501 praetulerim,
1174 4421 1259 4506 quod
1297 4421 1438 4486 dativum

269 4613 291 4682 ¹)
312 4615 435 4670 Disserte
462 4615 497 4670 de
521 4615 574 4670 hac
598 4631 628 4670 re
651 4614 810 4684 disputavit
834 4616 921 4671 Flach
944 4617 974 4670 in
998 4617 1118 4672 historia
1142 4617 1220 4686 lyric.
1246 4619 1321 4688 poet.
1342 4618 1438 4674 Graec.

161 4720 188 4770 p.
209 4702 266 4774 369Ι
281 4721 320 4772 sq.

1493 298 1541 362 IV,
1561 297 1595 350 39

1494 847 1524 910 si·
1550 849 1593 896 22.
