<?xml version="1.0" encoding="UTF-8"?>
<!DOCTYPE html PUBLIC "-//W3C//DTD XHTML 1.0 Transitional//EN"
    "http://www.w3.org/TR/xhtml1/DTD/xhtml1-transitional.dtd">
<html xmlns="http://www.w3.org/1999/xhtml" xml:lang="en" lang="en">
 <head>
  <title>
</title>
<meta http-equiv="Content-Type" content="text/html;charset=utf-8" />
  <meta name='ocr-system' content='tesseract 3.04.00' />
  <meta name='ocr-capabilities' content='ocr_page ocr_carea ocr_par ocr_line ocrx_word'/>
</head>
<body>
  <div class='ocr_page' id='page_1' title='image "./soloniselocutio00riedgoog_0013.png"; bbox 0 0 3412 5250; ppageno 0'>
   <div class='ocr_carea' id='block_1_1' title="bbox 807 376 1004 437">
    <p class='ocr_par' dir='ltr' id='par_1_1' title="bbox 807 376 1004 437">
     <span class='ocr_line' id='line_1_1' title="bbox 807 376 1004 437; baseline 0 -19"><span class='ocrx_word' id='word_1_1' title='bbox 807 376 1004 437; x_wconf 75' lang='grc'>..4-</span> 
     </span>
    </p>
   </div>
   <div class='ocr_carea' id='block_1_2' title="bbox 261 563 1547 1081">
    <p class='ocr_par' dir='ltr' id='par_1_2' title="bbox 261 563 1547 1081">
     <span class='ocr_line' id='line_1_2' title="bbox 372 563 1547 652; baseline 0.004 -23"><span class='ocrx_word' id='word_1_2' title='bbox 372 563 492 640; x_wconf 79' lang='lat' dir='ltr'><strong>Quanti</strong></span> <span class='ocrx_word' id='word_1_3' title='bbox 525 571 631 632; x_wconf 89' lang='lat' dir='ltr'><strong>autem</strong></span> <span class='ocrx_word' id='word_1_4' title='bbox 662 567 731 650; x_wconf 90' lang='lat' dir='ltr'><strong>ipse</strong></span> <span class='ocrx_word' id='word_1_5' title='bbox 759 566 859 632; x_wconf 83' lang='lat' dir='ltr'><strong>Solon</strong></span> <span class='ocrx_word' id='word_1_6' title='bbox 891 567 1025 634; x_wconf 85' lang='lat' dir='ltr'><strong>Homeri</strong></span> <span class='ocrx_word' id='word_1_7' title='bbox 1054 574 1204 652; x_wconf 71' lang='lat' dir='ltr'><strong>poemata</strong></span> <span class='ocrx_word' id='word_1_8' title='bbox 1235 569 1358 652; x_wconf 83' lang='lat' dir='ltr'><strong>lecerit,</strong></span> <span class='ocrx_word' id='word_1_9' title='bbox 1389 571 1440 636; x_wconf 89' lang='lat' dir='ltr'><strong>vel</strong></span> <span class='ocrx_word' id='word_1_10' title='bbox 1462 569 1547 635; x_wconf 86' lang='lat' dir='ltr'><strong>&#39;inde</strong></span> 
     </span>
     <span class='ocr_line' id='line_1_3' title="bbox 263 673 1546 762; baseline 0.003 -24"><span class='ocrx_word' id='word_1_11' title='bbox 263 678 409 757; x_wconf 87' lang='lat' dir='ltr'><strong>apparet,</strong></span> <span class='ocrx_word' id='word_1_12' title='bbox 434 673 519 757; x_wconf 92' lang='lat' dir='ltr'><strong>quod</strong></span> <span class='ocrx_word' id='word_1_13' title='bbox 543 695 580 738; x_wconf 90' lang='lat' dir='ltr'><strong>ea</strong></span> <span class='ocrx_word' id='word_1_14' title='bbox 603 677 686 739; x_wconf 86' lang='lat' dir='ltr'><strong>teste</strong></span> <span class='ocrx_word' id='word_1_15' title='bbox 710 673 856 759; x_wconf 83' lang='lat' dir='ltr'>Diogene</span> <span class='ocrx_word' id='word_1_16' title='bbox 879 674 1008 740; x_wconf 86' lang='lat' dir='ltr'><strong>Laertio</strong></span> <span class='ocrx_word' id='word_1_17' title='bbox 1033 674 1070 758; x_wconf 86' lang='lat' dir='ltr'><strong>(l,</strong></span> <span class='ocrx_word' id='word_1_18' title='bbox 1089 677 1143 755; x_wconf 77' lang='lat'><strong>57)</strong></span> <span class='ocrx_word' id='word_1_19' title='bbox 1167 675 1404 744; x_wconf 88' lang='lat' dir='ltr'><strong>Panathenaeis</strong></span> <span class='ocrx_word' id='word_1_20' title='bbox 1427 677 1546 762; x_wconf 88' lang='lat' dir='ltr'><strong>quinto</strong></span> 
     </span>
     <span class='ocr_line' id='line_1_4' title="bbox 263 779 1546 868; baseline 0.002 -24"><span class='ocrx_word' id='word_1_21' title='bbox 263 803 391 865; x_wconf 92' lang='lat' dir='ltr'><strong>quoque</strong></span> <span class='ocrx_word' id='word_1_22' title='bbox 414 801 499 844; x_wconf 91' lang='lat' dir='ltr'><strong>anno</strong></span> <span class='ocrx_word' id='word_1_23' title='bbox 522 779 652 862; x_wconf 92' lang='lat' dir='ltr'><strong>publice</strong></span> <span class='ocrx_word' id='word_1_24' title='bbox 675 801 733 863; x_wconf 90' lang='lat' dir='ltr'><strong>per</strong></span> <span class='ocrx_word' id='word_1_25' title='bbox 755 780 934 864; x_wconf 89' lang='lat' dir='ltr'><strong>rhapsodos</strong></span> <span class='ocrx_word' id='word_1_26' title='bbox 956 781 1121 846; x_wconf 89' lang='lat' dir='ltr'><strong>recitanda</strong></span> <span class='ocrx_word' id='word_1_27' title='bbox 1145 783 1278 850; x_wconf 88' lang='lat' dir='ltr'><strong>curavit.</strong></span> <span class='ocrx_word' id='word_1_28' title='bbox 1326 780 1424 868; x_wconf 86' lang='grc' dir='ltr'>Χάρις</span> <span class='ocrx_word' id='word_1_29' title='bbox 1455 786 1546 868; x_wconf 86' lang='grc' dir='ltr'>χάριν</span> 
     </span>
     <span class='ocr_line' id='line_1_5' title="bbox 261 884 1545 973; baseline 0.005 -25"><span class='ocrx_word' id='word_1_30' title='bbox 261 884 348 949; x_wconf 75' lang='grc' dir='ltr'><strong>τίκτει</strong></span> <span class='ocrx_word' id='word_1_31' title='bbox 372 886 566 952; x_wconf 78' lang='lat' dir='ltr'><strong>Graecorum</strong></span> <span class='ocrx_word' id='word_1_32' title='bbox 588 887 774 970; x_wconf 87' lang='lat' dir='ltr'><strong>proverbio:</strong></span> <span class='ocrx_word' id='word_1_33' title='bbox 810 887 897 973; x_wconf 88' lang='lat' dir='ltr'><strong>grati</strong></span> <span class='ocrx_word' id='word_1_34' title='bbox 919 888 1136 954; x_wconf 70' lang='lat' dir='ltr'><strong>Athenienses</strong></span> <span class='ocrx_word' id='word_1_35' title='bbox 1160 890 1302 956; x_wconf 90' lang='lat' dir='ltr'><strong>carmina</strong></span> <span class='ocrx_word' id='word_1_36' title='bbox 1325 891 1441 955; x_wconf 90' lang='lat' dir='ltr'><strong>summi</strong></span> <span class='ocrx_word' id='word_1_37' title='bbox 1464 890 1545 955; x_wconf 86' lang='lat' dir='ltr'><strong>civis</strong></span> 
     </span>
     <span class='ocr_line' id='line_1_6' title="bbox 261 993 1542 1081; baseline 0.005 -25"><span class='ocrx_word' id='word_1_38' title='bbox 261 993 429 1075; x_wconf 85' lang='lat' dir='ltr'><strong>Apaturiis</strong></span> <span class='ocrx_word' id='word_1_39' title='bbox 452 1015 471 1058; x_wconf 92' lang='lat' dir='ltr'><strong>a</strong></span> <span class='ocrx_word' id='word_1_40' title='bbox 493 993 602 1076; x_wconf 91' lang='lat' dir='ltr'><strong>pueris</strong></span> <span class='ocrx_word' id='word_1_41' title='bbox 624 994 753 1059; x_wconf 87' lang='lat' dir='ltr'><strong>recitari</strong></span> <span class='ocrx_word' id='word_1_42' title='bbox 776 993 926 1076; x_wconf 86' lang='lat' dir='ltr'><strong>praemiis</strong></span> <span class='ocrx_word' id='word_1_43' title='bbox 949 995 1125 1077; x_wconf 89' lang='lat' dir='ltr'><strong>propositis</strong></span> <span class='ocrx_word' id='word_1_44' title='bbox 1148 996 1312 1062; x_wconf 90' lang='lat' dir='ltr'><strong>iusserunt</strong></span> <span class='ocrx_word' id='word_1_45' title='bbox 1334 997 1431 1081; x_wconf 77' lang='lat' dir='ltr'><strong>(Plat.</strong></span> <span class='ocrx_word' id='word_1_46' title='bbox 1457 997 1542 1062; x_wconf 83' lang='lat' dir='ltr'><strong>Tim.</strong></span> 
     </span>
    </p>
   </div>
   <div class='ocr_carea' id='block_1_3' title="bbox 254 1099 1542 2362">
    <p class='ocr_par' dir='ltr' id='par_1_3' title="bbox 260 1099 1008 1200">
     <span class='ocr_line' id='line_1_7' title="bbox 260 1099 1008 1200; baseline -0.001 -35"><span class='ocrx_word' id='word_1_47' title='bbox 260 1122 292 1182; x_wconf 89' lang='lat' dir='ltr'><strong>p.</strong></span> <span class='ocrx_word' id='word_1_48' title='bbox 319 1104 357 1166; x_wconf 82' lang='lat'><strong>21</strong></span> <span class='ocrx_word' id='word_1_49' title='bbox 376 1099 427 1185; x_wconf 78' lang='lat' dir='ltr'><strong>B).</strong></span> <span class='ocrx_word' id='word_1_50' title='bbox 795 1191 1008 1200; x_wconf 45' lang='lat' dir='ltr'><em>Q</em></span> 
     </span>
    </p>

    <p class='ocr_par' dir='ltr' id='par_1_4' title="bbox 254 1311 1542 2362">
     <span class='ocr_line' id='line_1_8' title="bbox 366 1311 1542 1400; baseline 0.003 -22"><span class='ocrx_word' id='word_1_51' title='bbox 366 1313 479 1378; x_wconf 81' lang='lat' dir='ltr'><strong>Dicam</strong></span> <span class='ocrx_word' id='word_1_52' title='bbox 501 1312 603 1398; x_wconf 89' lang='lat' dir='ltr'><strong>igitur</strong></span> <span class='ocrx_word' id='word_1_53' title='bbox 624 1311 762 1396; x_wconf 88' lang='lat' dir='ltr'><strong>primo</strong></span> <span class='ocrx_word' id='word_1_54' title='bbox 786 1313 891 1394; x_wconf 89' lang='lat' dir='ltr'><strong>capite</strong></span> <span class='ocrx_word' id='word_1_55' title='bbox 915 1313 953 1377; x_wconf 90' lang='lat' dir='ltr'><strong>de</strong></span> <span class='ocrx_word' id='word_1_56' title='bbox 977 1313 1103 1378; x_wconf 89' lang='lat' dir='ltr'><strong>indiciis</strong></span> <span class='ocrx_word' id='word_1_57' title='bbox 1126 1319 1159 1379; x_wconf 92' lang='lat' dir='ltr'><strong>et</strong></span> <span class='ocrx_word' id='word_1_58' title='bbox 1181 1315 1327 1400; x_wconf 87' lang='lat' dir='ltr'><strong>vestigiis</strong></span> <span class='ocrx_word' id='word_1_59' title='bbox 1350 1315 1542 1382; x_wconf 76' lang='lat' dir='ltr'><strong>imitationis</strong></span> 
     </span>
     <span class='ocr_line' id='line_1_9' title="bbox 259 1419 1540 1505; baseline 0.002 -19"><span class='ocrx_word' id='word_1_60' title='bbox 259 1421 403 1500; x_wconf 89' lang='lat' dir='ltr'><strong>Homeri,</strong></span> <span class='ocrx_word' id='word_1_61' title='bbox 426 1421 566 1486; x_wconf 90' lang='lat' dir='ltr'><strong>altero</strong></span> <span class='ocrx_word' id='word_1_62' title='bbox 590 1419 628 1484; x_wconf 90' lang='lat' dir='ltr'><strong>de</strong></span> <span class='ocrx_word' id='word_1_63' title='bbox 651 1419 731 1484; x_wconf 90' lang='lat' dir='ltr'><strong>locis</strong></span> <span class='ocrx_word' id='word_1_64' title='bbox 755 1419 943 1484; x_wconf 87' lang='lat' dir='ltr'><strong>adverbum</strong></span> <span class='ocrx_word' id='word_1_65' title='bbox 967 1421 1007 1485; x_wconf 90' lang='lat' dir='ltr'><strong>ab</strong></span> <span class='ocrx_word' id='word_1_66' title='bbox 1025 1420 1167 1486; x_wconf 88' lang='lat' dir='ltr'><strong>Homero</strong></span> <span class='ocrx_word' id='word_1_67' title='bbox 1185 1421 1392 1505; x_wconf 87' lang='lat' dir='ltr'><strong>depromptis,</strong></span> <span class='ocrx_word' id='word_1_68' title='bbox 1416 1423 1540 1494; x_wconf 84' lang='lat' dir='ltr'><strong>tertio</strong></span> 
     </span>
     <span class='ocr_line' id='line_1_10' title="bbox 259 1527 1541 1614; baseline 0.002 -21"><span class='ocrx_word' id='word_1_69' title='bbox 259 1530 297 1594; x_wconf 89' lang='lat' dir='ltr'><strong>de</strong></span> <span class='ocrx_word' id='word_1_70' title='bbox 331 1529 410 1594; x_wconf 89' lang='lat' dir='ltr'><strong>locis</strong></span> <span class='ocrx_word' id='word_1_71' title='bbox 439 1528 572 1611; x_wconf 87' lang='lat' dir='ltr'><strong>paulum</strong></span> <span class='ocrx_word' id='word_1_72' title='bbox 603 1527 643 1592; x_wconf 89' lang='lat' dir='ltr'><strong>ab</strong></span> <span class='ocrx_word' id='word_1_73' title='bbox 677 1527 810 1592; x_wconf 88' lang='lat' dir='ltr'><strong>Homeri</strong></span> <span class='ocrx_word' id='word_1_74' title='bbox 841 1529 987 1610; x_wconf 83' lang='lat' dir='ltr'><strong>exemplo</strong></span> <span class='ocrx_word' id='word_1_75' title='bbox 1016 1528 1285 1611; x_wconf 79' lang='lat' dir='ltr'><strong>discrepantibus,</strong></span> <span class='ocrx_word' id='word_1_76' title='bbox 1317 1534 1469 1614; x_wconf 90' lang='lat' dir='ltr'><strong>quarto</strong></span> <span class='ocrx_word' id='word_1_77' title='bbox 1501 1530 1541 1596; x_wconf 90' lang='lat' dir='ltr'><strong>de</strong></span> 
     </span>
     <span class='ocr_line' id='line_1_11' title="bbox 257 1633 1542 1721; baseline 0 -20"><span class='ocrx_word' id='word_1_78' title='bbox 257 1636 337 1701; x_wconf 92' lang='lat' dir='ltr'><strong>locis</strong></span> <span class='ocrx_word' id='word_1_79' title='bbox 360 1637 526 1721; x_wconf 89' lang='lat' dir='ltr'><strong>aliquanto</strong></span> <span class='ocrx_word' id='word_1_80' title='bbox 555 1634 628 1718; x_wconf 88' lang='lat' dir='ltr'><strong>plus</strong></span> <span class='ocrx_word' id='word_1_81' title='bbox 651 1634 691 1699; x_wconf 90' lang='lat' dir='ltr'><strong>ab</strong></span> <span class='ocrx_word' id='word_1_82' title='bbox 715 1633 896 1700; x_wconf 87' lang='lat' dir='ltr'><strong>Homericis</strong></span> <span class='ocrx_word' id='word_1_83' title='bbox 924 1634 1145 1700; x_wconf 81' lang='lat' dir='ltr'><strong>differentibus</strong></span> <span class='ocrx_word' id='word_1_84' title='bbox 1176 1636 1277 1721; x_wconf 89' lang='lat' dir='ltr'><strong>deque</strong></span> <span class='ocrx_word' id='word_1_85' title='bbox 1304 1637 1542 1702; x_wconf 79' lang='lat' dir='ltr'><strong>imitationibus</strong></span> 
     </span>
     <span class='ocr_line' id='line_1_12' title="bbox 256 1742 1541 1830; baseline 0.001 -22"><span class='ocrx_word' id='word_1_86' title='bbox 256 1743 385 1809; x_wconf 85' lang='lat' dir='ltr'><strong>levioris</strong></span> <span class='ocrx_word' id='word_1_87' title='bbox 408 1743 572 1822; x_wconf 91' lang='lat' dir='ltr'><strong>momenti,</strong></span> <span class='ocrx_word' id='word_1_88' title='bbox 595 1742 742 1827; x_wconf 90' lang='lat' dir='ltr'><strong>quinto</strong></span> <span class='ocrx_word' id='word_1_89' title='bbox 767 1743 804 1807; x_wconf 91' lang='lat' dir='ltr'><strong>de</strong></span> <span class='ocrx_word' id='word_1_90' title='bbox 825 1742 1046 1828; x_wconf 84' lang='lat' dir='ltr'><strong>singularibus</strong></span> <span class='ocrx_word' id='word_1_91' title='bbox 1061 1744 1226 1808; x_wconf 86' lang='lat' dir='ltr'><strong>vocabulis</strong></span> <span class='ocrx_word' id='word_1_92' title='bbox 1242 1745 1409 1830; x_wconf 90' lang='lat' dir='ltr'><strong>utriusque</strong></span> <span class='ocrx_word' id='word_1_93' title='bbox 1425 1747 1541 1826; x_wconf 74' lang='lat' dir='ltr'><strong>potitae</strong></span> 
     </span>
     <span class='ocr_line' id='line_1_13' title="bbox 256 1849 1539 1932; baseline -0.001 -17"><span class='ocrx_word' id='word_1_94' title='bbox 256 1850 406 1932; x_wconf 81' lang='lat' dir='ltr'><strong>propriiS,</strong></span> <span class='ocrx_word' id='word_1_95' title='bbox 442 1853 569 1914; x_wconf 82' lang='lat' dir='ltr'><strong>sexto</strong></span> <span class='ocrx_word' id='word_1_96' title='bbox 605 1849 736 1914; x_wconf 88' lang='lat' dir='ltr'><strong>afferam</strong></span> <span class='ocrx_word' id='word_1_97' title='bbox 767 1853 973 1931; x_wconf 87' lang='lat' dir='ltr'><strong>conspectum</strong></span> <span class='ocrx_word' id='word_1_98' title='bbox 1009 1850 1226 1915; x_wconf 83' lang='lat' dir='ltr'><strong>elocutionum</strong></span> <span class='ocrx_word' id='word_1_99' title='bbox 1260 1850 1388 1917; x_wconf 84' lang='lat' dir='ltr'><strong>Solonis</strong></span> <span class='ocrx_word' id='word_1_100' title='bbox 1418 1855 1539 1916; x_wconf 89' lang='lat' dir='ltr'><strong>tracta-</strong></span> 
     </span>
     <span class='ocr_line' id='line_1_14' title="bbox 255 1956 1540 2040; baseline 0.002 -20"><span class='ocrx_word' id='word_1_101' title='bbox 255 1964 362 2022; x_wconf 86' lang='lat' dir='ltr'><strong>tarum</strong></span> <span class='ocrx_word' id='word_1_102' title='bbox 396 1961 429 2022; x_wconf 89' lang='lat' dir='ltr'><strong>et</strong></span> <span class='ocrx_word' id='word_1_103' title='bbox 462 1979 619 2022; x_wconf 89' lang='lat' dir='ltr'><strong>summam</strong></span> <span class='ocrx_word' id='word_1_104' title='bbox 656 1956 796 2038; x_wconf 89' lang='lat' dir='ltr'><strong>capitum</strong></span> <span class='ocrx_word' id='word_1_105' title='bbox 829 1956 973 2038; x_wconf 91' lang='lat' dir='ltr'><strong>priorum</strong></span> <span class='ocrx_word' id='word_1_106' title='bbox 997 1956 1132 2038; x_wconf 92' lang='lat' dir='ltr'><strong>ll.-V.,</strong></span> <span class='ocrx_word' id='word_1_107' title='bbox 1169 1959 1344 2040; x_wconf 88' lang='lat' dir='ltr'><strong>septimo</strong></span> <span class='ocrx_word' id='word_1_108' title='bbox 1376 1957 1540 2038; x_wconf 79' lang='lat' dir='ltr'><strong>disseram,</strong></span> 
     </span>
     <span class='ocr_line' id='line_1_15' title="bbox 257 2062 1541 2149; baseline 0.001 -21"><span class='ocrx_word' id='word_1_109' title='bbox 257 2069 416 2148; x_wconf 88' lang='lat' dir='ltr'><strong>quatenus</strong></span> <span class='ocrx_word' id='word_1_110' title='bbox 440 2084 545 2129; x_wconf 90' lang='lat' dir='ltr'><strong>sermo</strong></span> <span class='ocrx_word' id='word_1_111' title='bbox 569 2063 731 2129; x_wconf 84' lang='lat' dir='ltr'><strong>Soloneus</strong></span> <span class='ocrx_word' id='word_1_112' title='bbox 754 2063 840 2127; x_wconf 91' lang='lat' dir='ltr'><strong>ultra</strong></span> <span class='ocrx_word' id='word_1_113' title='bbox 864 2063 989 2145; x_wconf 90' lang='lat' dir='ltr'><strong>epicum</strong></span> <span class='ocrx_word' id='word_1_114' title='bbox 1012 2086 1203 2149; x_wconf 89' lang='lat' dir='ltr'><strong>progressus</strong></span> <span class='ocrx_word' id='word_1_115' title='bbox 1233 2065 1275 2130; x_wconf 91' lang='lat' dir='ltr'><strong>sit</strong></span> <span class='ocrx_word' id='word_1_116' title='bbox 1304 2062 1440 2132; x_wconf 89' lang='lat' dir='ltr'><strong>&lt;addita</strong></span> <span class='ocrx_word' id='word_1_117' title='bbox 1463 2070 1541 2130; x_wconf 91' lang='lat' dir='ltr'><strong>sunt</strong></span> 
     </span>
     <span class='ocr_line' id='line_1_16' title="bbox 255 2166 1538 2256; baseline 0.001 -20"><span class='ocrx_word' id='word_1_118' title='bbox 255 2171 443 2253; x_wconf 88' lang='lat' dir='ltr'><strong>prosodiaea</strong></span> <span class='ocrx_word' id='word_1_119' title='bbox 469 2166 665 2256; x_wconf 75' lang='lat' dir='ltr'><strong>quaedam),</strong></span> <span class='ocrx_word' id='word_1_120' title='bbox 690 2174 851 2234; x_wconf 86' lang='lat' dir='ltr'><strong>octavo</strong></span> <span class='ocrx_word' id='word_1_121' title='bbox 876 2171 914 2235; x_wconf 93' lang='lat' dir='ltr'><strong>de</strong></span> <span class='ocrx_word' id='word_1_122' title='bbox 938 2171 1103 2236; x_wconf 89' lang='lat' dir='ltr'><strong>vocabulis</strong></span> <span class='ocrx_word' id='word_1_123' title='bbox 1117 2170 1247 2238; x_wconf 85' lang='lat' dir='ltr'><strong>Solonis</strong></span> <span class='ocrx_word' id='word_1_124' title='bbox 1264 2195 1329 2237; x_wconf 92' lang='lat' dir='ltr'><strong>non</strong></span> <span class='ocrx_word' id='word_1_125' title='bbox 1347 2172 1538 2252; x_wconf 87' lang='lat' dir='ltr'><strong>Homericis,</strong></span> 
     </span>
     <span class='ocr_line' id='line_1_17' title="bbox 254 2276 1182 2362; baseline 0 -18"><span class='ocrx_word' id='word_1_126' title='bbox 254 2300 379 2356; x_wconf 93' lang='lat' dir='ltr'><strong>nono,</strong></span> <span class='ocrx_word' id='word_1_127' title='bbox 404 2279 521 2362; x_wconf 90' lang='lat' dir='ltr'><strong>quibus</strong></span> <span class='ocrx_word' id='word_1_128' title='bbox 544 2277 691 2342; x_wconf 90' lang='lat' dir='ltr'><strong>fontibus</strong></span> <span class='ocrx_word' id='word_1_129' title='bbox 714 2276 815 2341; x_wconf 85' lang='lat' dir='ltr'><strong>Solon</strong></span> <span class='ocrx_word' id='word_1_130' title='bbox 837 2282 1005 2358; x_wconf 89' lang='lat' dir='ltr'><strong>praeterea</strong></span> <span class='ocrx_word' id='word_1_131' title='bbox 1030 2278 1072 2343; x_wconf 89' lang='lat' dir='ltr'><strong>sit</strong></span> <span class='ocrx_word' id='word_1_132' title='bbox 1095 2301 1182 2344; x_wconf 77' lang='lat' dir='ltr'><strong>usus,</strong></span> 
     </span>
    </p>
   </div>
   <div class='ocr_carea' id='block_1_4' title="bbox 792 2528 1005 2536">
    <p class='ocr_par' dir='ltr' id='par_1_5' title="bbox 792 2528 1005 2536">
     <span class='ocr_line' id='line_1_18' title="bbox 792 2528 1005 2536; baseline 0 -1"><span class='ocrx_word' id='word_1_133' title='bbox 792 2528 1005 2536; x_wconf 77' lang='lat'><em>———--</em></span> 
     </span>
    </p>
   </div>
   <div class='ocr_carea' id='block_1_5' title="bbox 451 2737 1344 2963">
    <p class='ocr_par' dir='ltr' id='par_1_6' title="bbox 451 2737 1344 2963">
     <span class='ocr_line' id='line_1_19' title="bbox 828 2737 966 2822; baseline -0.007 -16"><span class='ocrx_word' id='word_1_134' title='bbox 828 2737 910 2822; x_wconf 79' lang='lat' dir='ltr'><strong>Gap.</strong></span> <span class='ocrx_word' id='word_1_135' title='bbox 934 2740 966 2806; x_wconf 92' lang='grc' dir='ltr'><strong>Ι.</strong></span> 
     </span>
     <span class='ocr_line' id='line_1_20' title="bbox 451 2881 1344 2963; baseline 0 -14"><span class='ocrx_word' id='word_1_136' title='bbox 451 2884 502 2950; x_wconf 86' lang='lat' dir='ltr'><strong>De</strong></span> <span class='ocrx_word' id='word_1_137' title='bbox 525 2881 670 2947; x_wconf 90' lang='lat' dir='ltr'><strong>indiciis</strong></span> <span class='ocrx_word' id='word_1_138' title='bbox 693 2881 731 2947; x_wconf 90' lang='lat' dir='ltr'><strong>et</strong></span> <span class='ocrx_word' id='word_1_139' title='bbox 753 2881 919 2963; x_wconf 83' lang='lat' dir='ltr'><strong>vestigiis</strong></span> <span class='ocrx_word' id='word_1_140' title='bbox 942 2881 1161 2948; x_wconf 82' lang='lat' dir='ltr'><strong>imitationis</strong></span> <span class='ocrx_word' id='word_1_141' title='bbox 1183 2881 1344 2949; x_wconf 85' lang='lat' dir='ltr'><strong>Homeri.</strong></span> 
     </span>
    </p>
   </div>
   <div class='ocr_carea' id='block_1_6' title="bbox 259 3041 1541 4838">
    <p class='ocr_par' dir='ltr' id='par_1_7' title="bbox 259 3041 1541 4838">
     <span class='ocr_line' id='line_1_21' title="bbox 291 3041 1538 3131; baseline -0.002 -20"><span class='ocrx_word' id='word_1_142' title='bbox 291 3095 293 3101; x_wconf 34' lang='lat' dir='ltr'>s</span> <span class='ocrx_word' id='word_1_143' title='bbox 366 3046 465 3111; x_wconf 85' lang='lat' dir='ltr'><strong>Recte</strong></span> <span class='ocrx_word' id='word_1_144' title='bbox 489 3045 614 3110; x_wconf 81' lang='lat' dir='ltr'><strong>Tullius</strong></span> <span class='ocrx_word' id='word_1_145' title='bbox 638 3067 697 3108; x_wconf 91' lang='lat' dir='ltr'><strong>nos</strong></span> <span class='ocrx_word' id='word_1_146' title='bbox 720 3047 831 3108; x_wconf 91' lang='lat' dir='ltr'><strong>monet</strong></span> <span class='ocrx_word' id='word_1_147' title='bbox 854 3043 886 3106; x_wconf 92' lang='lat' dir='ltr'><strong>in</strong></span> <span class='ocrx_word' id='word_1_148' title='bbox 911 3043 1014 3125; x_wconf 92' lang='lat' dir='ltr'><strong>primo</strong></span> <span class='ocrx_word' id='word_1_149' title='bbox 1039 3043 1077 3107; x_wconf 95' lang='lat' dir='ltr'><strong>de</strong></span> <span class='ocrx_word' id='word_1_150' title='bbox 1101 3041 1216 3108; x_wconf 86' lang='lat' dir='ltr'><strong>officiis</strong></span> <span class='ocrx_word' id='word_1_151' title='bbox 1232 3045 1315 3108; x_wconf 91' lang='lat' dir='ltr'><strong>libro</strong></span> <span class='ocrx_word' id='word_1_152' title='bbox 1341 3041 1378 3130; x_wconf 84' lang='lat' dir='ltr'><strong>(c.</strong></span> <span class='ocrx_word' id='word_1_153' title='bbox 1393 3049 1412 3110; x_wconf 83' lang='lat'><strong>2</strong></span> <span class='ocrx_word' id='word_1_154' title='bbox 1430 3042 1538 3131; x_wconf 83' lang='lat' dir='ltr'><strong>extr.):</strong></span> 
     </span>
     <span class='ocr_line' id='line_1_22' title="bbox 259 3149 1540 3236; baseline -0.002 -18"><span class='ocrx_word' id='word_1_155' title='bbox 259 3150 373 3219; x_wconf 80' lang='lat' dir='ltr'><strong>‘omnis</strong></span> <span class='ocrx_word' id='word_1_156' title='bbox 408 3175 490 3236; x_wconf 91' lang='lat' dir='ltr'><strong>quae</strong></span> <span class='ocrx_word' id='word_1_157' title='bbox 520 3152 683 3216; x_wconf 88' lang='lat' dir='ltr'><strong>ratione</strong></span> <span class='ocrx_word' id='word_1_158' title='bbox 715 3149 888 3232; x_wconf 89' lang='lat' dir='ltr'><strong>suscipitur</strong></span> <span class='ocrx_word' id='word_1_159' title='bbox 918 3150 955 3213; x_wconf 90' lang='lat' dir='ltr'><strong>de</strong></span> <span class='ocrx_word' id='word_1_160' title='bbox 986 3149 1094 3234; x_wconf 90' lang='lat' dir='ltr'><strong>aliqua</strong></span> <span class='ocrx_word' id='word_1_161' title='bbox 1124 3172 1158 3214; x_wconf 91' lang='lat' dir='ltr'><strong>re</strong></span> <span class='ocrx_word' id='word_1_162' title='bbox 1188 3150 1365 3232; x_wconf 88' lang='lat' dir='ltr'><strong>institutio,</strong></span> <span class='ocrx_word' id='word_1_163' title='bbox 1397 3152 1491 3216; x_wconf 91' lang='lat' dir='ltr'><strong>debet</strong></span> <span class='ocrx_word' id='word_1_164' title='bbox 1521 3175 1540 3216; x_wconf 90' lang='lat' dir='ltr'><strong>a</strong></span> 
     </span>
     <span class='ocr_line' id='line_1_23' title="bbox 261 3257 1541 3342; baseline -0.003 -16"><span class='ocrx_word' id='word_1_165' title='bbox 261 3260 516 3326; x_wconf 89' lang='lat' dir='ltr'><strong>definitione</strong></span> <span class='ocrx_word' id='word_1_166' title='bbox 550 3257 719 3341; x_wconf 88' lang='lat' dir='ltr'><strong>proficisci,</strong></span> <span class='ocrx_word' id='word_1_167' title='bbox 753 3263 790 3322; x_wconf 93' lang='lat' dir='ltr'><strong>ut</strong></span> <span class='ocrx_word' id='word_1_168' title='bbox 822 3257 1040 3341; x_wconf 85' lang='lat' dir='ltr'><strong>intellegatur,</strong></span> <span class='ocrx_word' id='word_1_169' title='bbox 1070 3257 1146 3341; x_wconf 91' lang='lat' dir='ltr'><strong>quid</strong></span> <span class='ocrx_word' id='word_1_170' title='bbox 1175 3257 1218 3321; x_wconf 90' lang='lat' dir='ltr'><strong>sit</strong></span> <span class='ocrx_word' id='word_1_171' title='bbox 1245 3258 1287 3337; x_wconf 89' lang='lat' dir='ltr'><strong>id,</strong></span> <span class='ocrx_word' id='word_1_172' title='bbox 1320 3258 1358 3321; x_wconf 93' lang='lat' dir='ltr'><strong>de</strong></span> <span class='ocrx_word' id='word_1_173' title='bbox 1389 3281 1452 3342; x_wconf 93' lang='lat' dir='ltr'><strong>quo</strong></span> <span class='ocrx_word' id='word_1_174' title='bbox 1477 3259 1541 3323; x_wconf 91' lang='lat' dir='ltr'><strong>dis-</strong></span> 
     </span>
     <span class='ocr_line' id='line_1_24' title="bbox 260 3362 1540 3451; baseline -0.002 -19"><span class='ocrx_word' id='word_1_175' title='bbox 260 3362 409 3451; x_wconf 77' lang='lat' dir='ltr'><strong>putetur³.</strong></span> <span class='ocrx_word' id='word_1_176' title='bbox 457 3367 648 3449; x_wconf 82' lang='lat' dir='ltr'><strong>Priusquam</strong></span> <span class='ocrx_word' id='word_1_177' title='bbox 672 3365 773 3449; x_wconf 85' lang='lat' dir='ltr'><strong>igitur</strong></span> <span class='ocrx_word' id='word_1_178' title='bbox 797 3364 995 3448; x_wconf 83' lang='lat' dir='ltr'><strong>accingimur</strong></span> <span class='ocrx_word' id='word_1_179' title='bbox 1019 3363 1058 3426; x_wconf 89' lang='lat' dir='ltr'><strong>ad</strong></span> <span class='ocrx_word' id='word_1_180' title='bbox 1074 3363 1320 3444; x_wconf 86' lang='lat' dir='ltr'><strong>persolvendum</strong></span> <span class='ocrx_word' id='word_1_181' title='bbox 1337 3366 1422 3448; x_wconf 93' lang='lat' dir='ltr'><strong>quod</strong></span> <span class='ocrx_word' id='word_1_182' title='bbox 1446 3365 1540 3430; x_wconf 90' lang='lat' dir='ltr'><strong>nobis</strong></span> 
     </span>
     <span class='ocr_line' id='line_1_25' title="bbox 260 3469 1540 3559; baseline -0.003 -19"><span class='ocrx_word' id='word_1_183' title='bbox 260 3475 497 3559; x_wconf 87' lang='lat' dir='ltr'><strong>proposuimus,</strong></span> <span class='ocrx_word' id='word_1_184' title='bbox 522 3472 760 3537; x_wconf 88' lang='lat' dir='ltr'><strong>deliberandum</strong></span> <span class='ocrx_word' id='word_1_185' title='bbox 785 3471 846 3536; x_wconf 87' lang='lat' dir='ltr'><strong>erit</strong></span> <span class='ocrx_word' id='word_1_186' title='bbox 869 3475 901 3535; x_wconf 91' lang='lat' dir='ltr'><strong>et</strong></span> <span class='ocrx_word' id='word_1_187' title='bbox 924 3469 1141 3547; x_wconf 88' lang='lat' dir='ltr'><strong>statuendum,</strong></span> <span class='ocrx_word' id='word_1_188' title='bbox 1166 3492 1248 3553; x_wconf 89' lang='lat' dir='ltr'><strong>quae</strong></span> <span class='ocrx_word' id='word_1_189' title='bbox 1271 3471 1314 3534; x_wconf 88' lang='lat' dir='ltr'><strong>sit</strong></span> <span class='ocrx_word' id='word_1_190' title='bbox 1334 3472 1381 3535; x_wconf 86' lang='lat' dir='ltr'><strong>vis</strong></span> <span class='ocrx_word' id='word_1_191' title='bbox 1397 3493 1434 3536; x_wconf 87' lang='lat' dir='ltr'><strong>ac</strong></span> <span class='ocrx_word' id='word_1_192' title='bbox 1450 3475 1540 3536; x_wconf 89' lang='lat' dir='ltr'><strong>notio</strong></span> 
     </span>
     <span class='ocr_line' id='line_1_26' title="bbox 260 3576 1538 3663; baseline -0.003 -17"><span class='ocrx_word' id='word_1_193' title='bbox 260 3581 459 3660; x_wconf 63' lang='lat' dir='ltr'><strong>imitationis</strong></span> <span class='ocrx_word' id='word_1_194' title='bbox 483 3602 578 3663; x_wconf 84' lang='lat' dir='ltr'><strong>quam</strong></span> <span class='ocrx_word' id='word_1_195' title='bbox 603 3580 668 3644; x_wconf 86' lang='lat' dir='ltr'><strong>late</strong></span> <span class='ocrx_word' id='word_1_196' title='bbox 683 3583 804 3661; x_wconf 89' lang='lat' dir='ltr'><strong>pateat,</strong></span> <span class='ocrx_word' id='word_1_197' title='bbox 829 3577 946 3662; x_wconf 90' lang='lat' dir='ltr'><strong>quibus</strong></span> <span class='ocrx_word' id='word_1_198' title='bbox 962 3577 1098 3660; x_wconf 91' lang='lat' dir='ltr'><strong>denique</strong></span> <span class='ocrx_word' id='word_1_199' title='bbox 1115 3576 1233 3640; x_wconf 91' lang='lat' dir='ltr'><strong>finibus</strong></span> <span class='ocrx_word' id='word_1_200' title='bbox 1250 3579 1538 3643; x_wconf 85' lang='lat' dir='ltr'><strong>circumscribatur.</strong></span> 
     </span>
     <span class='ocr_line' id='line_1_27' title="bbox 260 3682 1539 3770; baseline -0.005 -15"><span class='ocrx_word' id='word_1_201' title='bbox 260 3690 322 3756; x_wconf 86' lang='lat' dir='ltr'><strong>Sed</strong></span> <span class='ocrx_word' id='word_1_202' title='bbox 352 3688 413 3752; x_wconf 93' lang='lat' dir='ltr'><strong>hoc</strong></span> <span class='ocrx_word' id='word_1_203' title='bbox 446 3686 550 3768; x_wconf 87' lang='lat' dir='ltr'><strong>specie</strong></span> <span class='ocrx_word' id='word_1_204' title='bbox 581 3708 677 3770; x_wconf 89' lang='lat' dir='ltr'><strong>quam</strong></span> <span class='ocrx_word' id='word_1_205' title='bbox 709 3707 743 3748; x_wconf 91' lang='lat' dir='ltr'><strong>re</strong></span> <span class='ocrx_word' id='word_1_206' title='bbox 775 3683 900 3748; x_wconf 85' lang='lat' dir='ltr'><strong>facilius</strong></span> <span class='ocrx_word' id='word_1_207' title='bbox 932 3705 1002 3747; x_wconf 89' lang='lat' dir='ltr'><strong>esse</strong></span> <span class='ocrx_word' id='word_1_208' title='bbox 1033 3682 1105 3766; x_wconf 89' lang='lat' dir='ltr'><strong>quis</strong></span> <span class='ocrx_word' id='word_1_209' title='bbox 1135 3705 1200 3746; x_wconf 89' lang='lat' dir='ltr'><strong>non</strong></span> <span class='ocrx_word' id='word_1_210' title='bbox 1225 3684 1331 3748; x_wconf 82' lang='lat' dir='ltr'><strong>videt?</strong></span> <span class='ocrx_word' id='word_1_211' title='bbox 1379 3684 1539 3749; x_wconf 88' lang='lat' dir='ltr'><strong>Nimirum</strong></span> 
     </span>
     <span class='ocr_line' id='line_1_28' title="bbox 262 3789 1540 3875; baseline -0.005 -12"><span class='ocrx_word' id='word_1_212' title='bbox 262 3821 333 3863; x_wconf 90' lang='lat' dir='ltr'><strong>cum</strong></span> <span class='ocrx_word' id='word_1_213' title='bbox 357 3797 420 3861; x_wconf 89' lang='lat' dir='ltr'><strong>tria</strong></span> <span class='ocrx_word' id='word_1_214' title='bbox 451 3794 502 3859; x_wconf 89' lang='lat' dir='ltr'><strong>vel</strong></span> <span class='ocrx_word' id='word_1_215' title='bbox 533 3793 628 3875; x_wconf 91' lang='lat' dir='ltr'><strong>plura</strong></span> <span class='ocrx_word' id='word_1_216' title='bbox 656 3790 814 3856; x_wconf 86' lang='lat' dir='ltr'><strong>vocabula</strong></span> <span class='ocrx_word' id='word_1_217' title='bbox 837 3789 871 3853; x_wconf 93' lang='lat' dir='ltr'><strong>in</strong></span> <span class='ocrx_word' id='word_1_218' title='bbox 894 3789 1004 3854; x_wconf 90' lang='lat' dir='ltr'><strong>eadem</strong></span> <span class='ocrx_word' id='word_1_219' title='bbox 1029 3812 1139 3854; x_wconf 88' lang='lat' dir='ltr'><strong>versus</strong></span> <span class='ocrx_word' id='word_1_220' title='bbox 1162 3789 1237 3854; x_wconf 87' lang='lat' dir='ltr'><strong>sede</strong></span> <span class='ocrx_word' id='word_1_221' title='bbox 1260 3790 1345 3872; x_wconf 89' lang='lat' dir='ltr'><strong>apud</strong></span> <span class='ocrx_word' id='word_1_222' title='bbox 1369 3797 1540 3875; x_wconf 88' lang='lat' dir='ltr'><strong>utrumque</strong></span> 
     </span>
     <span class='ocr_line' id='line_1_29' title="bbox 261 3896 1538 3987; baseline -0.005 -18"><span class='ocrx_word' id='word_1_223' title='bbox 261 3910 400 3987; x_wconf 73' lang='lat' dir='ltr'><strong>potitam,</strong></span> <span class='ocrx_word' id='word_1_224' title='bbox 429 3901 606 3965; x_wconf 86' lang='lat' dir='ltr'><strong>Homerum</strong></span> <span class='ocrx_word' id='word_1_225' title='bbox 634 3920 671 3962; x_wconf 89' lang='lat' dir='ltr'><strong>ac</strong></span> <span class='ocrx_word' id='word_1_226' title='bbox 701 3897 864 3977; x_wconf 89' lang='lat' dir='ltr'><strong>Solonem,</strong></span> <span class='ocrx_word' id='word_1_227' title='bbox 897 3902 1077 3972; x_wconf 88' lang='lat' dir='ltr'><strong>recurrunt,</strong></span> <span class='ocrx_word' id='word_1_228' title='bbox 1107 3896 1191 3961; x_wconf 88' lang='lat' dir='ltr'><strong>hanc</strong></span> <span class='ocrx_word' id='word_1_229' title='bbox 1226 3919 1293 3961; x_wconf 88' lang='lat' dir='ltr'><strong>esse</strong></span> <span class='ocrx_word' id='word_1_230' title='bbox 1327 3897 1538 3962; x_wconf 89' lang='lat' dir='ltr'><strong>imitationem</strong></span> 
     </span>
     <span class='ocr_line' id='line_1_30' title="bbox 261 4003 1540 4096; baseline -0.005 -20"><span class='ocrx_word' id='word_1_231' title='bbox 261 4011 365 4096; x_wconf 88' lang='lat' dir='ltr'><strong>quivis</strong></span> <span class='ocrx_word' id='word_1_232' title='bbox 387 4009 538 4073; x_wconf 87' lang='lat' dir='ltr'><strong>facillime</strong></span> <span class='ocrx_word' id='word_1_233' title='bbox 562 4005 733 4081; x_wconf 83' lang='lat' dir='ltr'><strong>concedat3</strong></span> <span class='ocrx_word' id='word_1_234' title='bbox 757 4004 813 4068; x_wconf 92' lang='lat' dir='ltr'><strong>sed</strong></span> <span class='ocrx_word' id='word_1_235' title='bbox 836 4007 912 4068; x_wconf 89' lang='lat' dir='ltr'><strong>sunt</strong></span> <span class='ocrx_word' id='word_1_236' title='bbox 930 4026 981 4068; x_wconf 91' lang='lat' dir='ltr'><strong>res</strong></span> <span class='ocrx_word' id='word_1_237' title='bbox 1005 4003 1160 4087; x_wconf 87' lang='lat' dir='ltr'><strong>quaedam</strong></span> <span class='ocrx_word' id='word_1_238' title='bbox 1185 4025 1304 4086; x_wconf 90' lang='lat' dir='ltr'><strong>eaeque</strong></span> <span class='ocrx_word' id='word_1_239' title='bbox 1328 4004 1414 4068; x_wconf 90' lang='lat' dir='ltr'><strong>haud</strong></span> <span class='ocrx_word' id='word_1_240' title='bbox 1437 4027 1540 4082; x_wconf 91' lang='lat' dir='ltr'><strong>rarae,</strong></span> 
     </span>
     <span class='ocr_line' id='line_1_31' title="bbox 262 4109 1540 4202; baseline -0.004 -20"><span class='ocrx_word' id='word_1_241' title='bbox 262 4139 343 4202; x_wconf 92' lang='lat' dir='ltr'><strong>quae</strong></span> <span class='ocrx_word' id='word_1_242' title='bbox 367 4121 474 4181; x_wconf 91' lang='lat' dir='ltr'><strong>utrum</strong></span> <span class='ocrx_word' id='word_1_243' title='bbox 499 4112 695 4179; x_wconf 85' lang='lat' dir='ltr'><strong>imitationes</strong></span> <span class='ocrx_word' id='word_1_244' title='bbox 727 4111 889 4176; x_wconf 86' lang='lat' dir='ltr'><strong>vocandae</strong></span> <span class='ocrx_word' id='word_1_245' title='bbox 921 4111 987 4174; x_wconf 90' lang='lat' dir='ltr'><strong>sint</strong></span> <span class='ocrx_word' id='word_1_246' title='bbox 1010 4132 1120 4184; x_wconf 91' lang='lat' dir='ltr'><strong>necne,</strong></span> <span class='ocrx_word' id='word_1_247' title='bbox 1152 4109 1221 4174; x_wconf 90' lang='lat' dir='ltr'><strong>iure</strong></span> <span class='ocrx_word' id='word_1_248' title='bbox 1250 4110 1390 4177; x_wconf 88' lang='lat' dir='ltr'><strong>dubites:</strong></span> <span class='ocrx_word' id='word_1_249' title='bbox 1423 4113 1540 4196; x_wconf 91' lang='lat' dir='ltr'><strong>quibus</strong></span> 
     </span>
     <span class='ocr_line' id='line_1_32' title="bbox 261 4215 1540 4299; baseline -0.005 -10"><span class='ocrx_word' id='word_1_250' title='bbox 261 4228 294 4289; x_wconf 92' lang='lat' dir='ltr'><strong>in</strong></span> <span class='ocrx_word' id='word_1_251' title='bbox 319 4226 398 4288; x_wconf 90' lang='lat' dir='ltr'><strong>locis</strong></span> <span class='ocrx_word' id='word_1_252' title='bbox 424 4222 604 4299; x_wconf 90' lang='lat' dir='ltr'><strong>verendum,</strong></span> <span class='ocrx_word' id='word_1_253' title='bbox 630 4241 669 4283; x_wconf 91' lang='lat' dir='ltr'><strong>ne</strong></span> <span class='ocrx_word' id='word_1_254' title='bbox 693 4217 845 4282; x_wconf 83' lang='lat' dir='ltr'><strong>audacius</strong></span> <span class='ocrx_word' id='word_1_255' title='bbox 869 4216 1038 4281; x_wconf 90' lang='lat' dir='ltr'><strong>iudicando</strong></span> <span class='ocrx_word' id='word_1_256' title='bbox 1063 4215 1196 4280; x_wconf 90' lang='lat' dir='ltr'><strong>nimium</strong></span> <span class='ocrx_word' id='word_1_257' title='bbox 1220 4217 1297 4281; x_wconf 89' lang='lat' dir='ltr'><strong>iuris</strong></span> <span class='ocrx_word' id='word_1_258' title='bbox 1328 4218 1421 4282; x_wconf 93' lang='lat' dir='ltr'><strong>nobis</strong></span> <span class='ocrx_word' id='word_1_259' title='bbox 1451 4241 1540 4283; x_wconf 91' lang='lat' dir='ltr'><strong>arro·</strong></span> 
     </span>
     <span class='ocr_line' id='line_1_33' title="bbox 262 4322 1539 4418; baseline -0.005 -23"><span class='ocrx_word' id='word_1_260' title='bbox 262 4353 383 4418; x_wconf 78' lang='lat' dir='ltr'><strong>gemus</strong></span> <span class='ocrx_word' id='word_1_261' title='bbox 431 4328 533 4412; x_wconf 81' lang='lat' dir='ltr'><strong>Atqui</strong></span> <span class='ocrx_word' id='word_1_262' title='bbox 562 4327 624 4391; x_wconf 90' lang='lat' dir='ltr'><strong>hoc</strong></span> <span class='ocrx_word' id='word_1_263' title='bbox 654 4326 762 4408; x_wconf 91' lang='lat' dir='ltr'><strong>ipsum</strong></span> <span class='ocrx_word' id='word_1_264' title='bbox 790 4324 925 4388; x_wconf 90' lang='lat' dir='ltr'><strong>liberum</strong></span> <span class='ocrx_word' id='word_1_265' title='bbox 958 4328 990 4386; x_wconf 87' lang='lat' dir='ltr'><strong>et</strong></span> <span class='ocrx_word' id='word_1_266' title='bbox 1017 4322 1207 4388; x_wconf 88' lang='lat' dir='ltr'><strong>effrenatum</strong></span> <span class='ocrx_word' id='word_1_267' title='bbox 1240 4324 1408 4389; x_wconf 85' lang='lat' dir='ltr'><strong>arbitrium</strong></span> <span class='ocrx_word' id='word_1_268' title='bbox 1441 4330 1478 4389; x_wconf 92' lang='lat' dir='ltr'><strong>ut</strong></span> <span class='ocrx_word' id='word_1_269' title='bbox 1506 4325 1539 4389; x_wconf 92' lang='lat' dir='ltr'><strong>in</strong></span> 
     </span>
     <span class='ocr_line' id='line_1_34' title="bbox 262 4429 1540 4520; baseline -0.006 -17"><span class='ocrx_word' id='word_1_270' title='bbox 262 4437 349 4504; x_wconf 89' lang='lat' dir='ltr'><strong>omni</strong></span> <span class='ocrx_word' id='word_1_271' title='bbox 372 4457 490 4520; x_wconf 89' lang='lat' dir='ltr'><strong>genere</strong></span> <span class='ocrx_word' id='word_1_272' title='bbox 514 4433 666 4497; x_wconf 89' lang='lat' dir='ltr'><strong>scientiae</strong></span> <span class='ocrx_word' id='word_1_273' title='bbox 689 4431 856 4496; x_wconf 86' lang='lat' dir='ltr'><strong>vitandum</strong></span> <span class='ocrx_word' id='word_1_274' title='bbox 880 4435 938 4508; x_wconf 87' lang='lat' dir='ltr'><strong>est,</strong></span> <span class='ocrx_word' id='word_1_275' title='bbox 966 4430 1012 4493; x_wconf 90' lang='lat' dir='ltr'><strong>ita</strong></span> <span class='ocrx_word' id='word_1_276' title='bbox 1035 4429 1069 4493; x_wconf 92' lang='lat' dir='ltr'><strong>in</strong></span> <span class='ocrx_word' id='word_1_277' title='bbox 1099 4429 1160 4494; x_wconf 89' lang='lat' dir='ltr'><strong>hoc</strong></span> <span class='ocrx_word' id='word_1_278' title='bbox 1189 4431 1354 4512; x_wconf 65' lang='lat' dir='ltr'><strong>opuscula</strong></span> <span class='ocrx_word' id='word_1_279' title='bbox 1383 4437 1540 4514; x_wconf 89' lang='lat' dir='ltr'><strong>quantum</strong></span> 
     </span>
     <span class='ocr_line' id='line_1_35' title="bbox 262 4533 1541 4620; baseline -0.004 -13"><span class='ocrx_word' id='word_1_280' title='bbox 262 4545 294 4608; x_wconf 93' lang='lat' dir='ltr'><strong>in</strong></span> <span class='ocrx_word' id='word_1_281' title='bbox 319 4543 412 4607; x_wconf 89' lang='lat' dir='ltr'><strong>nobis</strong></span> <span class='ocrx_word' id='word_1_282' title='bbox 435 4540 505 4617; x_wconf 90' lang='lat' dir='ltr'><strong>erit,</strong></span> <span class='ocrx_word' id='word_1_283' title='bbox 528 4539 643 4620; x_wconf 89' lang='lat' dir='ltr'><strong>procul</strong></span> <span class='ocrx_word' id='word_1_284' title='bbox 665 4557 880 4602; x_wconf 89' lang='lat' dir='ltr'><strong>amoveamus.</strong></span> <span class='ocrx_word' id='word_1_285' title='bbox 928 4533 1218 4616; x_wconf 80' lang='lat' dir='ltr'><strong>Circumspicienda</strong></span> <span class='ocrx_word' id='word_1_286' title='bbox 1240 4535 1341 4620; x_wconf 87' lang='lat' dir='ltr'><strong>igitur</strong></span> <span class='ocrx_word' id='word_1_287' title='bbox 1361 4542 1437 4601; x_wconf 90' lang='lat' dir='ltr'><strong>sunt</strong></span> <span class='ocrx_word' id='word_1_288' title='bbox 1453 4544 1541 4602; x_wconf 87' lang='lat' dir='ltr'><strong>certa</strong></span> 
     </span>
     <span class='ocr_line' id='line_1_36' title="bbox 262 4641 1540 4735; baseline -0.005 -20"><span class='ocrx_word' id='word_1_289' title='bbox 262 4651 416 4735; x_wconf 86' lang='lat' dir='ltr'><strong>quaedam</strong></span> <span class='ocrx_word' id='word_1_290' title='bbox 448 4647 574 4723; x_wconf 89' lang='lat' dir='ltr'><strong>indicia,</strong></span> <span class='ocrx_word' id='word_1_291' title='bbox 607 4645 724 4729; x_wconf 90' lang='lat' dir='ltr'><strong>quibus</strong></span> <span class='ocrx_word' id='word_1_292' title='bbox 755 4647 894 4720; x_wconf 88' lang='lat' dir='ltr'><strong>utamur,</strong></span> <span class='ocrx_word' id='word_1_293' title='bbox 929 4646 965 4704; x_wconf 93' lang='lat' dir='ltr'><strong>ut</strong></span> <span class='ocrx_word' id='word_1_294' title='bbox 995 4664 1011 4704; x_wconf 94' lang='lat' dir='ltr'><strong>e</strong></span> <span class='ocrx_word' id='word_1_295' title='bbox 1042 4642 1111 4706; x_wconf 88' lang='lat' dir='ltr'><strong>rudi</strong></span> <span class='ocrx_word' id='word_1_296' title='bbox 1144 4641 1367 4727; x_wconf 84' lang='lat' dir='ltr'><strong>indigestaque</strong></span> <span class='ocrx_word' id='word_1_297' title='bbox 1392 4645 1540 4730; x_wconf 87' lang='lat' dir='ltr'><strong>congerie</strong></span> 
     </span>
     <span class='ocr_line' id='line_1_37' title="bbox 262 4747 1541 4838; baseline -0.006 -16"><span class='ocrx_word' id='word_1_298' title='bbox 262 4758 478 4838; x_wconf 82' lang='lat' dir='ltr'><strong>exemplorum</strong></span> <span class='ocrx_word' id='word_1_299' title='bbox 504 4776 541 4818; x_wconf 88' lang='lat' dir='ltr'><strong>ea</strong></span> <span class='ocrx_word' id='word_1_300' title='bbox 565 4757 657 4816; x_wconf 89' lang='lat' dir='ltr'><strong>caute</strong></span> <span class='ocrx_word' id='word_1_301' title='bbox 681 4750 849 4834; x_wconf 88' lang='lat' dir='ltr'><strong>eligamus,</strong></span> <span class='ocrx_word' id='word_1_302' title='bbox 874 4747 991 4832; x_wconf 90' lang='lat' dir='ltr'><strong>quibus</strong></span> <span class='ocrx_word' id='word_1_303' title='bbox 1013 4749 1117 4828; x_wconf 90' lang='lat' dir='ltr'><strong>possit</strong></span> <span class='ocrx_word' id='word_1_304' title='bbox 1133 4747 1313 4814; x_wconf 82' lang='lat' dir='ltr'><strong>luculenter</strong></span> <span class='ocrx_word' id='word_1_305' title='bbox 1329 4752 1541 4816; x_wconf 87' lang='lat' dir='ltr'><strong>demonstrari</strong></span> 
     </span>
    </p>
   </div>
   <div class='ocr_carea' id='block_1_7' title="bbox 0 0 1710 5250">
    <p class='ocr_par' dir='ltr' id='par_1_8' title="bbox 0 0 1710 5250">
     <span class='ocr_line' id='line_1_38' title="bbox 0 0 1710 5250; baseline 0 1"><span class='ocrx_word' id='word_1_306' title='bbox 0 0 1710 5250; x_wconf 95' lang='lat' dir='ltr'><strong> </strong></span> 
     </span>
    </p>
   </div>
  </div>
 </body>
</html>
