3412 5250
701 411 900 478 ..3-

160 597 252 684 Quod
275 597 404 693 quidem
427 609 546 674 dictum
572 600 606 674 et
619 607 793 693 Stagirites
817 593 988 675 admodum
1009 609 1182 691 probatum
1198 591 1267 674 esse
1285 591 1438 689 videmus,

160 704 246 798 apud
269 703 364 800 quem
387 716 419 780 in
444 715 574 780 exordio
598 738 741 781 summae
765 716 833 781 eius
855 715 1082 799 philosophiae
1105 715 1169 781 iam
1185 715 1219 780 in
1235 715 1440 798 proverbium

160 821 240 886 abiit
252 807 377 908 ¹(Arist.
391 821 535 904 Metaph.
555 821 613 887 ].2
637 845 668 904 p.
688 807 802 902 esea),
822 807 859 888 'et
875 823 1004 887 Platoni
1027 821 1095 886 eius
1111 822 1267 907 magistro
1283 821 1442 904 placuisse

161 918 412 994 consentaneum
444 933 502 1007 est,
536 928 656 1013 quippe
685 951 780 1013 quem
811 916 843 994 et
871 929 975 1012 ipsum
1006 929 1150 993 veritatis
1173 927 1441 993 studiosissimum

160 1034 304 1100 inanium
326 1039 436 1100 vatum
459 1036 603 1100 taederet
625 1037 874 1102 mendaciorum.
921 1035 997 1101 Non
1022 1035 1205 1120 est-igitur,
1237 1035 1324 1119 quod
1347 1035 1441 1099 mire-

160 1164 240 1222 mur,
273 1141 301 1206 si
333 1141 459 1207 divinus
493 1142 548 1206 ille
580 1141 796 1224 philosophus
836 1141 953 1207 Critiae
990 1161 1133 1224 persona
1171 1146 1267 1206 utens
1304 1140 1442 1227 gloriam

161 1247 288 1313 Solonis
321 1271 432 1330 pacem
466 1253 498 1313 et
531 1249 672 1314 ordinem
708 1250 832 1314 civilem
863 1249 1038 1330 suadentis,
1073 1248 1262 1313 discordiam
1292 1253 1325 1312 et
1356 1248 1442 1313 bella

161 1355 374 1420 dissuadentis
404 1355 455 1420 vel
485 1356 573 1420 laudi
601 1355 735 1421 Homeri
766 1357 798 1422 et
827 1355 960 1421 Hesiodi
988 1338 1190 1439 praeposuit3
1222 1355 1369 1420 conferas
1391 1355 1441 1419 in·

160 1463 285 1548 signem
312 1463 399 1528 bunc
427 1462 549 1528 Timaei
579 1463 698 1548 dialogi
726 1464 833 1528 locum
858 1471 901 1546 (p.
927 1467 967 1528 21
994 1463 1076 1543 ob),
1105 1485 1201 1548 quem
1226 1461 1385 1528 Christius
1408 1463 1441 1526 in

160 1568 295 1633 historia
310 1569 490 1634 litterarum
507 1569 701 1636 Graecarum
726 1567 755 1652 (³
767 1593 800 1653 p.
817 1575 878 1636 129
903 1570 1012 1635 adnot.
1026 1575 1058 1646 2)
1084 1569 1244 1648 attolite:
1264 1563 1313 1634 ‘et
1329 1569 1442 1634 ceteris

160 1675 255 1739 rebus
291 1675 561 1757 sapientissimum
595 1677 693 1742 fuisse
729 1677 883 1742 Solonem
914 1681 947 1742 et
976 1676 1011 1740 in
1041 1681 1109 1741 arte
1141 1677 1267 1758 poetica
1299 1677 1441 1742 omniurn

160 1787 268 1846 vatum
292 1784 591 1868 generosissimum
616 1785 693 1869 quin
719 1786 815 1850 etiam
839 1807 873 1849 se
894 1789 1009 1867 putare
1025 1805 1129 1868 neque
1145 1782 1320 1848 Hesiodum
1338 1805 1442 1868 neque

161 1888 337 1953 Homerum
361 1879 464 1974 neque
487 1890 585 1955 alium
610 1891 711 1956 ullum
735 1896 864 1973 poetam
889 1892 1055 1956 clariorem
1081 1911 1232 1975 nmquam
1252 1890 1351 1956 fuisse
1367 1886 1440 1957 illo'.

265 1995 366 2060 Recte
389 1997 483 2062 Plato
515 1998 653 2082 quidem,
684 1999 874 2081 praesertim
897 1998 953 2081 qui
976 1997 1142 2062 Maeoniae
1165 1996 1322 2062 Camenae
1351 1996 1443 2061 belli-

160 2103 226 2168 cosi
249 2103 367 2168 suroris
390 2106 594 2188 plenissimae
624 2106 659 2170 in
688 2105 780 2171 libris
803 2107 841 2171 de
865 2129 899 2170 re
922 2103 1084 2188 publica²)
1108 2139 1158 2160 -,
1174 2100 1250 2166 ἑκὼν
1273 2100 1388 2166 ἀέκοντί
1410 2125 1443 2183 γε

159 2212 249 2293 θυμῷ
272 2211 388 2293 opinor
411 2247 454 2256 —
479 2212 665 2277 valedixerit
688 2216 721 2277 et
743 2213 965 2278 adulescentes
989 2235 1007 2276 a
1031 2211 1154 2276 bellicis
1182 2211 1296 2276 studiis
1323 2211 1364 2275 ad
1388 2210 1442 2292 pia

158 2317 369 2383 humanitatis
392 2324 564 2402 praecepta
587 2320 803 2386 revocaverit:
828 2343 887 2385 nos
910 2323 1018 2384 lamen
1033 2324 1201 2402 poetarum
1219 2317 1360 2383 carmina
1376 2335 1445 2382 non¹

159 2425 261 2489 solum
292 2448 309 2490 e
339 2427 575 2492 sententiarum
603 2432 635 2492 et
664 2449 789 2492 morum
812 2429 973 2513 gravitate
997 2431 1054 2492 aut
1076 2426 1238 2509 probitate
1261 2423 1439 2503 metiemur,

159 2531 215 2596 sed
239 2531 335 2596 etiam
359 2555 397 2597 ex
420 2533 522 2599 libero
545 2534 668 2620 ingenii
692 2534 805 2599 ardore
827 2538 860 2620 et
875 2533 987 2598 affiatu
1003 2555 1077 2599 vere
1094 2533 1211 2598 divino.
1259 2530 1331 2610 sed,
1355 2531 1440 2595 unde

159 2639 306 2718 abiimus
330 2644 364 2704 ul
387 2641 565 2714 redeamus,
587 2641 808 2727 legislatorem
826 2642 979 2707 Solonem
996 2641 1140 2706 docuisse
1158 2639 1322 2706 Graeciam
1338 2642 1440 2721 patet,

159 2747 288 2828 podlam
312 2747 468 2812 Codriden
493 2748 669 2813 carminum
694 2745 781 2834 leges
805 2772 824 2813 a
847 2748 992 2832 principe
1015 2753 1184 2832 poetarum
1215 2745 1377 2827 accepisse
1408 2752 1441 2808 et

159 2853 238 2918 mibi
260 2853 330 2936 ipse
353 2855 499 2936 persuasi
522 2861 554 2919 et
578 2854 648 2918 aliis
671 2877 722 2920 me
745 2878 974 2938 persuasurum
998 2856 1135 2921 confido.

267 2956 413 3026 Ceterum
449 2961 579 3026 minime
614 2984 663 3026 me
698 2962 783 3047 fugit
812 2963 990 3044 permultas
1021 2961 1224 3028 formulas
1259 2959 1440 3025 locutio-

160 3089 315 3152 nesque
348 3067 451 3150 (velut
479 3065 579 3148 ἀγλαὰ
605 3072 710 3148 τέκνα,
747 3066 854 3131 ἄλλοτε
884 3068 990 3142 ἄλλος,
1023 3073 1159 3154 μώνυχες
1186 3064 1291 3144 ἵπποι),
1324 3067 1441 3151 quibus

159 3175 322 3255 Solonem,
348 3176 529 3257 exemplum
546 3175 681 3241 Homeri
703 3183 859 3254 secutum,
883 3199 976 3242 usum
1000 3198 1069 3241 esse
1093 3175 1288 3252 docebimus,
1313 3174 1441 3256 abipso

160 3281 303 3347 Homero
339 3304 404 3347 non
440 3304 508 3347 esse
537 3283 696 3362 inventas,
727 3283 782 3347 sed
813 3307 832 3347 a
862 3283 1092 3348 vetustioribus
1124 3283 1253 3348 vatibus
1281 3281 1385 3346 factas
1409 3285 1442 3344 et

160 3389 417 3454 accommodatas
448 3409 517 3454 esse
547 3410 666 3473 easque
695 3389 817 3471 pariter
847 3389 1019 3455 aliorum
1052 3411 1207 3475 quoque
1230 3389 1440 3470 epicorum

160 3500 377 3580 poetarum
422 3496 553 3562 fuisse
597 3518 841 3561 communes.
900 3496 1032 3561 Rectius
1072 3497 1173 3582 igitur
1211 3515 1441 3578 saepenumero

161 3607 286 3668 statuas
309 3625 375 3668 non
398 3601 652 3667 Homericam
677 3602 859 3682 dictionem,
883 3603 939 3667 sed
955 3602 1102 3685 epicam
1118 3607 1233 3685 poetae
1249 3600 1441 3668 Atheniensi

161 3710 306 3792 exemplo
336 3709 444 3774 fuisso.
493 3710 611 3774 Verum
644 3732 715 3774 cunr
742 3709 873 3774 Homeri
904 3709 1045 3774 carmina
1076 3707 1218 3792 (praeter
1240 3708 1384 3788 Hesiodi)
1409 3711 1442 3772 et

160 3816 405 3898 potentissimus
429 3821 461 3881 et
484 3839 585 3898 paene
610 3818 723 3882 unicus
748 3817 820 3881 lons
843 3817 952 3900 epicae
977 3817 1167 3882 elocutionis
1190 3816 1256 3881 sint
1283 3813 1441 3890 habenda,

162 3924 324 4008 epicum
349 3924 493 3988 stilum
518 3929 557 3988 et
581 3923 837 4008 Homericum
860 3925 1049 4010 plerumque
1070 3925 1204 3990 eundern
1222 3922 1325 3988 dicere
1341 3920 1441 3985 cuivis

160 4031 279 4095 licebit.
327 4030 530 4114 Quamquam
563 4031 619 4094 ubi
649 4030 838 4094 manifestae
873 4031 1077 4113 apparebunt
1110 4029 1301 4094 formulae
1336 4027 1442 4109 epici

161 4137 372 4217 sermonis,
397 4159 451 4202 eas
475 4137 620 4223 singulas
644 4138 830 4218 praedicare
854 4160 919 4201 non
941 4138 1191 4202 intermittemus
1211 4135 1245 4200 in
1265 4139 1440 4215 conspectu

162 4245 215 4319 (cf.
240 4267 311 4326 cap.
335 4245 413 4324 vl).

166 4337 205 4341 -—
269 4367 289 4434 ¹)
309 4365 348 4419 ‘vd
366 4386 392 4419 τε
412 4365 481 4419 ἄλλα
501 4366 643 4436 σοφώτατον
660 4367 784 4436 γεγονέναι
796 4365 900 4420 Σόλωνα
918 4365 960 4418 καὶ
978 4369 1044 4418 κατὰ
1061 4364 1107 4435 τὴν
1118 4363 1216 4435 ποὶηοιν
1229 4360 1262 4416 αὖ
1274 4371 1321 4416 τῶν
1334 4369 1444 4434 ποιητῶν

161 4457 254 4510 πάντων
272 4456 485 4527 ἐλευθερώτατον
502 4494 509 4508 .
529 4498 535 4509 .
556 4496 562 4508 .
581 4457 646 4508 κατὰ
663 4457 759 4528 γ’ὲμὴν
778 4456 850 4517 δόξαν
869 4454 925 4508 οὔτε
944 4453 1060 4517 ‘Hatera
1080 4451 1135 4506 οὔτε
1150 4450 1267 4525 Ὅμηρος
1286 4450 1342 4506 οὔτε
1362 4449 1442 4513 ἄλλος

159 4544 240 4607 οὐδεὶς
259 4547 367 4618 ποιητὴς
386 4544 581 4614 εῖνῧονιμώτερος
601 4545 692 4614 ἐγένετο
713 4543 742 4596 ἄν
760 4549 814 4596 ποτ’
835 4541 927 4598 αὐτοῦ’,
947 4573 981 4582 -
1002 4546 1072 4601 Aliis
1092 4550 1189 4600 autem
1214 4544 1283 4599 loeis
1302 4543 1441 4596 Homerus

161 4639 204 4690 est
221 4636 336 4692 Platoni
354 4636 485 4697 θειότατος
504 4652 529 4685 τε
549 4632 591 4685 καὶ
611 4633 755 4704 σοφώτατός
775 4635 882 4704 ποιητής
903 4634 975 4702 (Alc.
994 4636 1030 4688 Il.
1051 4653 1077 4703 p.
1102 4634 1149 4686 147
1162 4631 1196 4700 DJ
1218 4633 1262 4686 vel
1281 4629 1380 4700 ἅριοτος
1400 4627 1444 4679 καὶ

160 4723 292 4786 θειότατος
311 4732 358 4776 τῶν
376 4731 485 4794 ποιητῶν
504 4724 546 4792 (Ιο
565 4744 592 4795 p.
612 4724 664 4777 530
674 4725 715 4785 Β).

267 4810 290 4880 ⁹)
311 4815 383 4870 Plat.
403 4831 462 4884 rep.
482 4816 533 4868 606
546 4811 573 4878 ll,
594 4814 681 4867 ‹5th
701 4815 776 4880 (vide
797 4813 890 4868 Christ
909 4811 974 4866 W
994 4831 1021 4883 p.
1043 4811 1112 4878 4⁶23).

1377 4914 1406 4968 l*
