3412 5250
19 395 21 462 ί

652 357 693 372 ...
740 327 781 388 43
831 357 870 370 -
1401 311 1616 381 ναῦται-ν

114 509 223 580 ἑπτά.
251 564 256 577 .
284 565 290 575 .
318 565 323 580 ,
348 495 504 600 1ἑβδομαίων
528 519 627 592 ma,
658 508 685 576 οἱ
708 509 733 574 δ’
756 513 843 597 άρτον
867 509 961 576 αότῶν
986 518 1055 589 38,ε
1084 513 1137 593 (σί.
1161 511 1337 596 Berginium
1365 511 1404 576 ad

116 621 158 685 lr.
184 621 279 703 33‚4).
327 621 421 684 Hanc
444 623 638 685 structuram
665 621 759 684 modo
784 620 901 684 dictam
925 620 1091 701 praeclare
1107 618 1288 682 confirmari
1313 617 1404 680 video

119 727 244 791 allatis·

240 831 270 895 A
295 829 386 920 [550]
411 829 436 894 P
461 837 524 899 659
548 828 580 894 οἵ
599 835 630 895 τε
654 853 700 917 μιν
723 827 778 894 ota
802 827 880 894 είωσι
903 833 977 912 βοῶν
1001 827 1036 892 ὲκ
1059 838 1128 914 πῖαρ
1152 827 1286 895 ἑλέσθαι,
1397 917 1399 922 Α

677 1023 710 1089 Μ
723 1025 748 1089 Ε
762 1024 791 1089 Α
804 1025 842 1095 Η,
1459 1021 1556 1074 Mlnlll

228 1153 278 1218 57.
301 1149 439 1216 Unicum
453 1152 581 1218 Solonis
597 1153 688 1237 μέλος
703 1152 796 1217 nobis
812 1153 957 1216 relietum
976 1151 1088 1234 incipit
1104 1151 1190 1215 hunc
1206 1151 1237 1214 in
1257 1149 1402 1214 modum:
1457 1151 1497 1216 fr.
1517 1153 1560 1201 42.

282 1259 321 1324 fr.
345 1256 387 1322 42
411 1282 438 1323 ν.
464 1257 481 1322 l
506 1255 739 1344 Πεφυλαγμένος
761 1257 854 1341 ἄνδρα
877 1261 1044 1337 (νγὲκαοτον
1068 1254 1132 1340 ὀρα.

124 1365 224 1442 Quam
253 1365 415 1448 participii
447 1365 582 1430 formam
612 1387 677 1430 uno
702 1365 833 1430 Homeri
862 1366 934 1430 loco
964 1371 997 1430 et
1026 1388 1094 1430 eam
1120 1387 1191 1430 cum
1216 1360 1404 1444 imperativo

124 1473 282 1538 infinitivo
306 1473 513 1537 coniunctum
538 1472 691 1554 deprendi
715 1468 762 1553 (Ψ
786 1475 879 1548 343);

340 1628 477 1647 ......
478 1569 480 1572 ’
503 1576 590 1658 ἀλλά,
614 1580 709 1664 φίλος,
734 1574 862 1664 φρονέων
885 1579 1107 1664 πεφυλαγμένος
1132 1573 1221 1640 εἶναιλ

121 1687 235 1770 Itaque
259 1685 345 1749 haud
369 1686 435 1750 scio
459 1709 501 1750 nn
526 1707 590 1749 uon
614 1685 760 1766 ineptum
770 1685 818 1748 sit
834 1706 963 1749 monere
980 1707 1148 1750 commune
1164 1683 1285 1768 aliquid
1300 1683 1405 1746 inesse

123 1792 251 1876 utrique
274 1791 390 1856 versui.

691 1965 772 2050 Gap.
796 1967 837 2034 V.

223 2112 275 2177 lle
299 2110 544 2194 singularibus
566 2089 749 2177 uocabulis
772 2111 960 2193 utriusque
986 2113 1109 2196 poetae
1132 2110 1303 2194 propriis.

230 2273 309 2338 Cum
333 2296 431 2356 supra
454 2273 654 2338 elocutiones
678 2273 811 2338 Homeri
838 2279 870 2338 et
894 2273 1021 2338 Solonis
1051 2295 1235 2337 communes
1263 2277 1404 2336 contem-

124 2379 203 2460 plati
238 2379 347 2459 simus,
382 2383 527 2444 nostrum
563 2401 649 2443 nunc
684 2383 733 2443 est
768 2401 955 2446 enumerare
988 2381 1117 2465 singula
1149 2379 1205 2443 illa
1238 2379 1403 2458 vocabula,

124 2507 205 2570 quae
229 2487 282 2550 hic
306 2486 457 2552 (ludrides
480 2491 646 2550 mutuatus
669 2491 718 2551 est
741 2509 760 2552 a
782 2487 959 2552 Maeonide.
1007 2487 1078 2562 Quo
1102 2509 1275 2552 enumero
1302 2509 1405 2570 pauca

124 2595 280 2678 quaedam
308 2595 440 2658 raritate
471 2598 600 2674 praeter
627 2597 733 2658 cetera
756 2595 915 2659 elucentia
943 2595 1091 2672 afferam
1121 2594 1305 2680 catalogum
1330 2617 1404 2659 vero

124 2707 303 2767 ceterorum
332 2702 497 2767 nominum
529 2707 561 2766 et
589 2703 769 2780 verborum,
798 2725 880 2788 quae
911 2725 1105 2788 quamquam
1134 2703 1167 2768 iu
1189 2703 1315 2788 vulgari
1339 2725 1405 2768 ser·

124 2831 218 2875 mone
248 2815 456 2889 evanuerunt,
487 2815 596 2874 tamen
627 2831 643 2873 e
673 2809 741 2894 iugi
771 2811 862 2876 fonte
892 2811 1024 2876 Homeri
1053 2811 1145 2895 quasi
1172 2811 1205 2874 in
1234 2832 1343 2875 sucum
1373 2815 1405 2874 et

124 2916 314 3002 sanguinem
338 2917 554 2998 posteriorum
576 2920 696 2994 vatum,
721 2917 867 2999 inprimis
883 2919 1080 3003 tragicorum
1097 2917 1250 2982 transisse
1267 2923 1405 2987 constat,

124 3023 212 3088 velut
246 3024 362 3106 βροτός.
396 3020 535 3106 πενιχρός
559 3074 565 3088 .
593 3074 599 3087 .
625 3073 632 3087 .
660 3078 665 3089 ,
693 3077 699 3088 .
725 3025 878 3090 —hunc
913 3025 1096 3109 catalogum
1131 3025 1164 3088 in
1199 3026 1261 3090 hoc
1294 3026 1404 3090 libello

124 3153 304 3213 proponere
327 3131 465 3195 alienum
491 3134 580 3212 pute.
627 3129 742 3214 Neque
766 3132 850 3195 euim
874 3136 932 3210 est,
958 3132 1043 3215 quod
1067 3133 1228 3211 miremur,
1258 3131 1285 3195 si
1308 3133 1405 3196 etiam

124 3239 275 3303 Solonem
299 3239 423 3323 largam
448 3259 557 3302 eorum
581 3241 706 3318 partem
730 3239 890 3319 accepisse
912 3238 1064 3306 videmus.

230 3362 256 3445 1.
273 3380 454 3444 γΜίυοννυτυ
480 3380 647 3444 exornavit
670 3380 768 3444 Solon
793 3379 826 3443 in
1476 3397 1552 3459 [ατο

125 3488 161 3553 l'r.
175 3486 197 3551 4
210 3512 237 3553 ν.
251 3485 272 3550 3
285 3511 331 3572 sq.
356 3491 419 3574 τοίη
434 3492 491 3571 γάρ
508 3489 684 3572 μεγάθυμος
701 3483 860 3558 ἐπίσκοπος
876 3484 1076 3572 ὀβριμοπάτρη
1091 3483 1094 3573 t
1110 3484 1238 3558 Παλλὰς
1253 3485 1404 3574 Ἀθηναίη
1436 3503 1584 3574 μεγάθυμος

125 3593 248 3658 duobus
272 3595 519 3678 cognominibus
543 3594 732 3674 Homericis
757 3594 827 3658 vide
851 3615 899 3660 vv.
1424 3592 1599 3664 neroum

185 3701 290 3766 b520
313 3701 395 3782 (sim.
419 3721 434 3763 ν
454 3703 528 3779 121)
551 3710 669 3787 νικήσαι
690 3703 743 3764 καί
766 3699 865 3763 ἔπειτα
887 3699 935 3762 διὰ
958 3697 1132 3785 μεγάθυμον
1155 3697 1290 3786 Ἀθήνην

124 3804 148 3868 Ε
164 3812 224 3874 747
240 3803 377 3892 b[391]
394 3830 413 3869 οι
427 3805 525 3892 [101]
549 3804 662 3893 ἡρώων,
686 3809 774 3870 τοῖσίν
798 3829 827 3870 τε
850 3810 1020 3870 κοτέσσεται
1043 3803 1244 3892 ὀβριμοπάτρη

123 3911 204 3997 (sim.
220 3935 238 3994 γ
254 3917 327 3986 135,
351 3935 375 3974 ω
389 3912 473 4000 540).
521 3914 659 3980 Nomine
683 3911 884 4000 ὀβριμοπάτρη
908 3915 1008 3998 igitur
1031 3918 1064 3978 et
1079 3913 1207 3980 Solonis
1223 3921 1255 3979 et
1272 3914 1405 3980 Homeri

123 4042 234 4084 versus
257 4019 367 4084 finitus
391 4026 449 4086 est.

229 4164 258 4227 2.
282 4163 470 4244 Epithetum
494 4161 678 4249 πολυήρατον
702 4165 742 4228 ab
766 4168 903 4247 utroque
926 4168 1022 4245 poeta
1045 4163 1117 4228 urbi
1138 4163 1263 4228 cuidam
1279 4165 1405 4250 magni·
1429 4179 1589 4252 πολυήρατος

124 4269 202 4332 ficae
225 4269 417 4334 attributum
441 4270 589 4354 legimus,
614 4271 653 4334 ab
679 4271 820 4334 Homero
845 4269 975 4346 Thebis,
1000 4268 1139 4334 Athenis
1162 4293 1180 4334 a
1203 4270 1335 4336 Solone:

261 4374 280 4435 λ
304 4380 368 4442 275
393 4371 459 4438 ἀλλ’
483 4372 498 4438 ὀ
523 4379 573 4460 μὲν
598 4373 627 4438 ἐν
651 4373 737 4463 Θήβη
761 4377 937 4462 πολυηράτῳ
960 4374 1055 4456 άλγεα
1077 4380 1201 4462 πάσχων

187 4482 227 4545 fr.
245 4481 310 4547 4v.
328 4480 366 4546 nl
391 4479 426 4544 ἐκ
448 4486 505 4566 γὰρ
529 4482 691 4568 δυσμενέων
714 4487 831 4568 ταχέως
853 4479 1038 4569 πολυήρατον
1057 4482 1130 4546 ὀίστυ
1148 4481 1151 4571 l
1169 4485 1325 4570 τρίχετατζ
1343 4543 1347 4552 ,
1365 4543 1369 4552 ,

126 4586 228 4664 Quid?
252 4589 338 4674 quod
361 4589 475 4655 vitiose
498 4590 636 4654 traditus
660 4600 708 4655 est
730 4594 932 4673 pentameter

235 4695 274 4759 fr.
300 4697 363 4775 4,22
389 4697 526 4780 τρόχεται
548 4691 577 4758 ἐν
601 4691 741 4777 συνόδοις,
760 4687 825 4768 ’τοῖς
849 4693 980 4760 ἀδικοῦσι
1004 4693 1108 4783 φίλοις,
