3412 5250
680 389 900 451 „11-

154 581 358 654 contulimus,
382 582 535 668 cognosci
557 586 666 664 potest
682 581 831 647 Solonem
856 581 1021 646 licentiam
1044 583 1226 666 syniceseos
1250 582 1313 646 iam
1332 583 1435 648 multo

153 689 282 770 saepius
310 688 371 754 sibi
398 689 576 754 vindicasse
604 711 700 774 quam
733 689 924 770 Homerum,
957 688 1113 774 siquidem
1141 689 1278 755 liberum
1307 690 1368 754 erit
1397 713 1435 756 ox

152 796 265 887 paucis
281 796 424 880 reliquiis
439 796 651 862 Soloneorum
669 797 846 862 carminum
862 797 968 861 metiri
984 797 1104 876 omnia,
1129 819 1211 881 quae
1234 796 1290 861 ille
1305 797 1436 868 finxisse

152 902 350 984 perhibetur.

262 1033 292 1096 4.
314 1030 502 1116 Fragmenti
524 1031 547 1093 4
570 1053 598 1097 ν,
623 1028 644 1091 :t
668 1029 705 1095 ot
728 1027 750 1094 4
773 1030 882 1096 eadem
907 1033 1070 1095 structura
1100 1033 1186 1109 sunt,
1215 1051 1279 1114 qua
1303 1029 1437 1095 Homeri

154 1136 171 1197 δ
196 1142 258 1204 826
282 1142 315 1202 et
340 1141 414 1204 828.
460 1137 543 1203 Vide

212 1246 250 1310 fr.
276 1249 321 1323 4‚a
348 1268 394 1330 sq.
420 1248 482 1328 τοίη
505 1248 562 1328 γὰρ
586 1241 763 1328 μεγάθυμος
786 1240 946 1316 ἐπίσκοπος
968 1240 1168 1329 ὀβριμοπάτρη

466 1347 595 1423 Παλλὰς
613 1345 766 1436 Ἀθηναίη
789 1360 895 1435 χεῖρας
915 1345 1044 1434 ὕπερθεν
1065 1347 1129 1434 ἔχει

213 1456 230 1516 δ
254 1461 317 1522 826
417 1453 481 1542 τοίη
503 1454 560 1540 γάρ
583 1452 610 1519 ol
633 1459 751 1542 πομπὸς
775 1457 826 1542 ἅμ’
850 1457 979 1541 ἔρχεται,
1003 1453 1040 1542 ἥν
1062 1477 1093 1518 τε
1115 1459 1168 1519 καὶ
1190 1455 1277 1520 ἄλλοι
1291 1509 1297 1522 .
1311 1510 1316 1522 .
1332 1509 1361 1526 .,

195 1563 236 1627 ib.
251 1569 314 1630 828
465 1561 592 1635 Παλλὰς
617 1563 768 1650 Ἀθηναίη
794 1581 801 1595 ·
826 1567 859 1626 οὲ
882 1563 909 1625 δ’
922 1560 1099 1649 ὀδυρομένην
1123 1560 1257 1647 ἐλεαίρει.

154 1669 381 1736 Nominativus
406 1668 535 1742 Παλλὰς
560 1671 713 1757 Ἀθηναίη
736 1676 884 1754 praetera
907 1671 1021 1754 incipit
1048 1693 1175 1736 versum
1203 1676 1253 1736 ter
1280 1673 1311 1736 in
1336 1673 1437 1738 Iliade

155 1773 198 1856 (K
225 1781 288 1843 275
313 1774 340 1839 A
367 1782 430 1844 488
455 1774 481 1840 0
504 1777 644 1862 [614]¹)‚
668 1779 838 1864 quinquies
865 1779 899 1842 in
924 1778 1066 1863 Odyssea
1090 1779 1116 1860 (ν
1140 1777 1247 1862 [190],
1272 1783 1346 1850 252,
1372 1783 1433 1847 371

154 1903 175 1943 π
199 1883 294 1969 [298]
318 1906 341 1946 ω
367 1885 453 1963 5471,
478 1886 577 1950 semel
599 1886 634 1951 in
657 1886 786 1970 hymnis
808 1885 854 1966 (h.
880 1880 991 1966 27,ιι).Ι

261 2010 290 2072 o.
313 2005 445 2070 ἄλλοθεν
469 2006 563 2080 ἄλλος
587 2010 672 2091 apud
696 2013 869 2094 utrumque
892 2013 1021 2092 politam
1053 2010 1174 2096 legitur
1203 2012 1325 2093 puriter
1348 2016 1380 2077 et
1403 2013 1436 2076 in

154 2115 259 2178 medio
283 2120 315 2179 et
338 2116 370 2180 in
396 2121 538 2182 extremo
563 2139 670 2184 versu:

315 2242 348 2314 al
372 2242 405 2305 in
430 2242 517 2308 exitu
541 2262 653 2307 versus
678 2243 718 2308 cl.

218 2347 264 2431 ir.
288 2346 310 2411 4
332 2371 361 2416 v.
386 2347 427 2412 13
451 2348 614 2434 φειδόμενοι
636 2349 809 2412 κλέπτουσιν
833 2346 878 2434 ἐρ’
901 2347 1023 2432 ἁρπαγῇ
1047 2348 1179 2411 ἄλλοθεν
1201 2347 1295 2422 ἄλλος

326 2453 339 2517 Ι
364 2460 424 2521 311
451 2452 494 2527 ὡς
517 2462 558 2542 μη
583 2479 631 2539 μοι
655 2452 774 2541 τρύζητε
796 2461 958 2542 παρήμενοι
1049 2455 1179 2519 ἄλλοθεν
1203 2455 1305 2536 ἄλλος,

156 2558 184 2622 Ν
211 2566 284 2640 551,
310 2585 318 2624 ι
342 2567 416 2644 401,
441 2566 506 2630 493
529 2585 549 2626 ν.
575 2567 647 2634 119,
672 2569 735 2629 442
760 2566 778 2626 λ
802 2563 876 2648 [42]
899 2585 917 2626 o
941 2569 1001 2630 231
1029 2587 1053 2628 τυ
1078 2569 1157 2641 415;

315 2688 351 2770 b)
375 2689 409 2752 in
432 2690 574 2754 secunda
598 2694 631 2754 et
653 2689 750 2754 tertia
773 2690 846 2754 sede
870 2690 909 2755 cf.

178 2794 216 2858 fr.
242 2791 282 2856 13
304 2819 334 2862 ν,
359 2793 403 2858 43
426 2794 541 2870 οπείνδει
563 2795 590 2856 δ’
600 2794 735 2870 ἄλλοθεν
758 2793 852 2868 ἄλλος
877 2813 884 2828 ·
909 2791 925 2858 δ
949 2799 1000 2880 μέν
1022 2799 1101 2858 κατὰ
1124 2799 1226 2858 πόντον
1250 2794 1357 2868 ἀλᾶται

312 2899 337 2962 Β
363 2905 402 2967 75
427 2898 510 2985 ὑμεῖς
565 2903 591 2963 δ’
606 2901 736 2965 ἄλλοθεν
760 2901 854 2974 ἄλλος
876 2899 1004 2988 ἐρητίιειν
1028 2900 1156 2966 ἐπέεσσιν

300 3005 312 3069 l
338 3013 399 3075 671
447 3008 591 3093 δειδέχατ’
606 3008 737 3072 ἄλλοθεν
760 3008 854 3080 ἄλλος
877 3006 1039 3072 ἀνασταδὸν
1061 3009 1096 3073 ἔκ
1120 3012 1143 3071 τ’
1169 3007 1292 3093 ἐρέοντο.

308 3114 439 3194 (Videas
462 3117 559 3180 etiam
584 3114 716 3177 ἄλλοθεν
740 3114 830 3177 ἄλλον
854 3117 887 3180 in
911 3116 1016 3181 medio
1041 3138 1135 3181 versu
1159 3139 1181 3200 μ
1205 3119 1293 3201 392.)

264 3239 337 3304 Ηυο
368 3261 497 3324 quoque
525 3240 726 3306 referendum
757 3246 806 3306 est
836 3240 944 3303 ἄλλοτε
975 3240 1069 3312 ἄλλος
1097 3242 1129 3306 in
1160 3243 1199 3308 fr.
1224 3240 1264 3306 13
1288 3267 1315 3308 v.
1340 3217 1383 3308 lli
1408 3250 1440 3309 et

156 3346 194 3410 fr.
220 3345 259 3410 15
284 3371 312 3412 v.
337 3345 369 3426 4,
394 3348 478 3430 quod
504 3348 589 3429 apud
613 3347 789 3413 Homerum
814 3370 943 3432 quoque
968 3371 1040 3413 cum
1063 3349 1154 3414 hiatu
1178 3349 1325 3434 legimus,
1350 3352 1389 3417 cl.

316 3453 354 3520 fr.
382 3457 464 3533 13,ιτ
484 3456 586 3538 πέμψη
610 3458 771 3546 τιοομένην,
881 3453 989 3516 ἄλλοτε
1012 3453 1106 3527 ἄλλος
1128 3455 1192 3540 ἔχει

316 3561 354 3624 ir.
382 3565 448 3638 15,4
485 3567 630 3647 χρήματα
652 3561 678 3622 δ’
693 3559 857 3644 ἀνθρώπων
880 3560 988 3624 ἄλλοτε
1011 3560 1105 3633 ἄλλος
1127 3562 1191 3648 ἔχει
1216 3587 1285 3628 cum

338 3665 356 3728 δ
379 3671 443 3733 236
487 3666 599 3752 ἀνδρῶν
623 3665 743 3730 ἐσθλῶν
765 3668 868 3741 παῖδες
892 3688 899 3702 ·
926 3667 1000 3753 ἀτὰρ
1024 3671 1099 3742 θεὸς
1121 3668 1228 3733 ἄλλοτε
1252 3668 1344 3752 ἄλλῷ.

157 3771 290 3838 Hiatum
314 3775 400 3857 apud
423 3779 547 3858 politas,
572 3776 628 3860 qui
651 3775 736 3840 infra
760 3774 935 3841 Homerum
958 3782 1044 3856 sunt,
1076 3777 1229 3842 rariorem
1253 3778 1325 3843 fieri
1348 3779 1439 3843 lucu-

156 3881 260 3944 lenter
292 3881 401 3946 docuit
437 3883 682 3948 Kllhner-Blass
721 3886 869 3970 (gramm.
905 3883 973 3968 gni
1008 3885 1030 3948 l.
1060 3888 1073 3948 1
1109 3906 1140 3965 p.
1169 3888 1230 3949 195
1255 3884 1318 3968 sq.)
1349 3885 1439 3948 nisus

157 3987 287 4069 optimis
310 3988 427 4053 libellis
451 3989 622 4075 Ahrensi2)
647 3997 679 4055 et
702 3990 874 4072 Flachii3).

264 4115 294 4177 6.
317 4109 411 4198 Ζηνὸς
439 4109 601 4200 Ὀλυμπίου
629 4115 663 4179 in
693 4116 732 4181 fr.
757 4113 797 4179 13
821 4138 849 4182 ν.
875 4114 892 4178 1
922 4116 1017 4180 tertia
1047 4119 1079 4179 et
1107 4119 1223 4198 quarta
1251 4117 1314 4180 arsi
1343 4117 1439 4182 etiam
1494 4115 1532 4180 fr.
1554 4117 1587 4165 13

157 4219 197 4283 ab
222 4218 363 4284 Homero
387 4226 577 4304 usurpatum
600 4222 744 4287 invenias
769 4223 809 4288 ol.

264 4432 286 4501 ¹)
306 4435 410 4491 Eorum
429 4453 560 4494 versuum
579 4455 719 4504 numeros,
739 4454 809 4508 quos
825 4439 934 4492 veteres
948 4436 1039 4492 critici
1052 4437 1179 4492 censoria
1191 4437 1313 4506 quadam
1329 4438 1440 4508 virgula

157 4526 436 4604 notaveruntuncis
457 4524 479 4596 ([
499 4525 522 4595 l)
543 4527 652 4582 inclusi.

264 4611 287 4681 Ε)
308 4616 425 4676 Αίιιειιε,
448 4615 482 4671 de
506 4615 588 4672 hiatu
614 4617 691 4686 apud
713 4617 855 4686 elegiacos
880 4619 1050 4671 Graecorum
1078 4618 1179 4686 poetas
1207 4615 1381 4684 antiquiores
1409 4617 1439 4671 in

157 4703 505 4775 fflfflfflmmm

264 4789 287 4864 ³)
307 4796 402 4862 Flam,
422 4797 471 4855 das
489 4795 754 4860 nachhesiodeische
772 4794 924 4869 Digamma
942 4794 972 4850 in
990 4796 1069 4851 Bam.
1088 4797 1148 4852 Btr.
1167 4796 1202 4850 II.
1222 4813 1250 4868 p.
1270 4795 1305 4848 62
1324 4813 1363 4866 sq.
