3412 5250
816 363 1035 426 ..14-

276 554 381 619 thesin
402 559 502 640 ¹quam
526 577 688 634 vocamus,
717 556 852 625 efficiat:
881 579 974 641 quam
1006 550 1137 622 eandam
1168 549 1342 623 consonam
1366 547 1564 640 positionem

275 662 435 728 interdum
461 685 526 730 non
550 664 676 730 efficere
696 670 833 750 cogente
849 664 973 731 scilicet
988 667 1092 728 metro
1109 664 1225 729 docent
1241 664 1413 730 Homerica
1424 661 1564 752 ’όλήεσσα

275 767 431 840 Ζάκυνθος
454 772 476 851 (ι
499 772 554 851 24)
586 775 618 836 et
646 757 721 834 ἄστιῖ
748 767 868 857 Ζελείης
898 767 922 832 Δ
949 775 1022 838 193,
1050 775 1108 835 121
1144 771 1195 850 (de
1225 772 1343 855 quibus
1366 773 1413 838 La
1435 773 1562 848 Rochs,

276 877 371 942 Hom.
397 877 527 942 Uuters.
553 879 578 942 I.
602 901 634 960 p.
660 881 701 942 43
726 879 813 961 vid).

381 1041 429 1104 12.
453 1037 613 1102 Aduerbio
637 1033 693 1099 αἰεὶ
709 1087 884 1104 ......
908 1037 1067 1123 διαμπερὲς
1090 1039 1317 1103 obvinmsunt
1341 1044 1373 1104 et
1395 1041 1429 1103 in

319 1145 358 1210 fr.
383 1143 423 1208 13
447 1168 475 1212 v.
499 1143 539 1210 27
564 1143 609 1206 ἀεὶ
633 1137 703 1207 &⁵033
727 1142 741 1206 ἑ
763 1141 877 1232 λε’ληθε
908 1145 1076 1232 διαμπερές,
1099 1141 1177 1216 ὅστις
1200 1143 1316 1228 ἄλιπρόν
1334 1151 1373 1210 ‘et
1391 1149 1428 1222 in

342 1275 390 1318 vv.
416 1249 441 1312 O
465 1231 538 1334 [16]
562 1246 623 1313 οιίὲν
646 1247 703 1331 ἐγὼ
727 1254 858 1336 τεόχοιμι
907 1251 1075 1337 διαμπερές,
1100 1247 1141 1322 εἰς
1164 1247 1180 1313 ὅ
1203 1249 1231 1313 κ’
1256 1252 1378 1336 Ἀχαιοί

275 1357 306 1422 h.
324 1357 387 1440 Ap.
401 1354 462 1444 (P)
477 1362 540 1423 485
564 1353 620 1419 αἰεὶ
642 1359 803 1443 τιμήσεσθε
843 1350 846 1352 ’
907 1357 1067 1443 διαμπερές
1089 1357 1189 1443 ἤματα
1213 1363 1317 1423 πάντα.
1377 1375 1380 1378 ·

381 1521 428 1584 13.
452 1519 626 1583 Multarum
651 1542 749 1603 opum
773 1521 892 1585 mentio
917 1520 954 1584 fit
977 1519 1010 1584 in
1035 1521 1074 1584 fr.
1098 1517 1138 1582 13
1163 1543 1191 1584 v.
1216 1518 1258 1582 42

531 1625 697 1711 κτήσεσθαι
719 1629 836 1698 πάντας
859 1631 1002 1712 χρήματα
1025 1612 1125 1690 πολλά
1146 1626 1235 1708 δοκεῖ,
1260 1651 1319 1693 nec
1343 1653 1407 1695 nou

273 1733 307 1796 in
331 1756 380 1798 vv.
404 1753 419 1794 ν
442 1737 506 1798 203
530 1741 570 1816 πή
594 1731 631 1818 δὴ
655 1737 798 1818 χρήματα
821 1734 919 1796 πολλά
942 1729 1022 1816 φέρω
1047 1732 1132 1805 πόδες
1159 1743 1201 1816 πή
1229 1734 1261 1795 δὲ
1288 1737 1340 1797 καὶ
1368 1732 1455 1809 αότός
1472 1790 1478 1803 .
1496 1789 1556 1806 ..

403 1860 419 1900 ο
443 1843 506 1905 230
531 1836 565 1911 ὅς
597 1835 624 1900 oi
654 1845 798 1926 χρήματα
820 1840 919 1902 πολλὰ
941 1840 1116 1926 τελεσφόρον
1139 1836 1180 1912 εἰς
1203 1837 1340 1910 ἐνιαυτόν.

274 1962 350 2028 Cum
376 1969 484 2028 autem
507 1964 540 2028 in
565 1964 728 2029 codicibus
751 1964 931 2029 Homericis
954 1969 1098 2050 χρήματα
1110 1967 1132 2045 ¹)
1156 1970 1188 2030 et
1210 1961 1348 2051 κτήματα
1370 1968 1556 2050 saepissime

274 2071 524 2148 confundentur,
548 2071 612 2136 huc
635 2071 732 2136 etiam
755 2071 941 2136 referendos
965 2095 1033 2136 esse
1057 2093 1171 2137 censeo
1197 2073 1256 2137 hos
1279 2097 1328 2138 vv.
1429 2147 1431 2151 Α

512 2199 521 2237 ι
546 2181 584 2241 41
611 2173 646 2239 ἐκ
668 2178 769 2248 πόλιος
793 2174 818 2238 δ’
830 2176 964 2263 ἀλόχους
985 2179 1038 2240 καὶ
1061 2183 1199 2263 κτήματα
1222 2179 1320 2240 πολλὰ
1343 2181 1481 2260 λαβόντες

295 2283 326 2350 h.
351 2283 412 2365 Ap.
438 2284 499 2368 (P.)
519 2287 583 2349 266
608 2279 627 2366 ἢ
650 2281 719 2368 νηόν
742 2306 771 2345 τε
795 2289 887 2368 μέγαν
910 2287 963 2347 καὶ
984 2291 1121 2371 κτήματα
1144 2285 1229 2347 πόλλ’
1253 2277 1378 2352 ἑνὲοντα.
1441 2314 1461 2356 ῃ
1538 2313 1553 2342 1.

362 2432 427 2508 '14'.
448 2444 581 2508 Initium
605 2445 644 2512 fr.
670 2443 709 2508 13
733 2469 762 2510 v.
788 2443 833 2510 44

668 2547 697 2612 ἐν
719 2555 818 2636 νηυσὶν
842 2555 962 2636 χρήζων
985 2550 1087 2615 οἴκαδε
1112 2553 1218 2634 κέρδος
1242 2551 1320 2633 ἄγειν
1360 2551 1370 2589 ’·

271 2655 373 2720 simile
398 2662 448 2720 est
472 2656 622 2721 Homeri:
1061 2657 1067 2715 J
1453 2714 1458 2721 .

382 2761 408 2824 Β
433 2767 497 2830 454
519 2762 550 2826 Λ
576 2761 637 2850 [14]
663 2761 693 2826 ἐν
715 2767 813 2849 νηυσὶν
836 2765 1004 2850 γλαφυρήσι
1027 2762 1171 2850 ρίληνές
1192 2765 1318 2848 πατρίδα
1341 2776 1436 2847 γαῖαν,

271 2868 399 2949 11659,
431 2873 495 2936 826
527 2871 623 2937 1124
651 2893 669 2951 γ
693 2877 753 2938 287
785 2871 900 2937 6513.
948 2872 1011 2937 Sed
1040 2873 1136 2936 etiam
1172 2868 1201 2935 ἐν
1233 2869 1331 2958 νηυσίν
1368 2898 1439 2939 curn
1475 2873 1553 2955 ἄγειν

271 2977 479 3062 coniungitur
502 2978 542 3042 ab
567 2979 697 3044 eodem:

468 3081 492 3147 Τ
516 3091 580 3152 298
603 3082 752 3171 κουριδίην
775 3084 888 3170 ἄλοχον
912 3086 1026 3170 θήσειν,
1051 3083 1127 3156 ἄξειν
1151 3082 1174 3148 τ’
1198 3083 1238 3149 ἐνὶ
1261 3086 1359 3173 νηυσίν

497 3191 514 3252 δ
539 3197 580 3258 82
604 3187 758 3278 ἠγαγόμην
783 3189 812 3254 ἐν
835 3195 928 3277 νηυσί,
952 3194 1003 3254 καὶ
1027 3188 1158 3275 ὀγδοάτῳ
1182 3193 1238 3256 ἐ’τει
1260 3191 1366 3278 ἦλθον.

270 3299 416 3381 Denique
440 3321 480 3363 ne
504 3303 689 3382 praetereas
712 3295 737 3360 Δ
761 3302 824 3364 239
850 3295 874 3360 Θ
902 3302 964 3364 166
988 3295 1018 3360 Π
1041 3302 1105 3364 832
1131 3296 1164 3361 Ψ
1190 3305 1264 3366 829.
1358 3350 1363 3358 .

375 3463 423 3526 15.
449 3462 579 3526 Eisdem
603 3460 770 3526 vocabulis
795 3460 954 3524 clauditur
977 3459 1015 3525 fr.
1040 3457 1080 3522 ‚13
1104 3483 1132 3526 v.
1158 3457 1198 3522 47

524 3567 617 3640 ἄλλος
639 3577 692 3653 γήν
715 3571 823 3649 τέμνων
846 3565 1061 3648 πολυδένδρεον
1078 3561 1119 3636 εἰς
1142 3563 1269 3629 ἐνιαυτόν
1295 3564 1297 3653 l
1324 3565 1458 3651 λατρεύει

270 3679 366 3758 atque
390 3669 414 3736 Τ
439 3679 479 3740 32
504 3671 535 3735 Φ
561 3679 624 3740 444
649 3674 665 3734 δ
690 3679 741 3753 86,
768 3678 830 3738 526
854 3693 874 3734 κ
899 3677 960 3739 467
991 3672 1006 3742 ξ
1032 3677 1094 3737 292
1119 3693 1135 3733 ο
1159 3677 1223 3738 230
1252 3674 1284 3738 h.
1310 3675 1371 3756 Ap.
1396 3676 1461 3760 (P.)
1485 3681 1549 3742 343

270 3781 302 3844 h.
324 3785 402 3860 1,-9μ.
450 3781 528 3845 Cum
553 3781 729 3846 clausulam
754 3775 795 3850 εἰς
811 3776 938 3842 ἐνιαυτόν
962 3779 1133 3864 aliquoties
1152 3779 1185 3843 in
1201 3781 1347 3845 versibus
1363 3781 1552 3848 Maeonidae

270 3887 334 3970 legi
357 3876 530 3968 videamus
553 3893 662 3953 tamen
686 3909 784 3952 unum
805 3910 844 3951 ex
859 3887 910 3951 his
925 3886 1005 3951 locis
1021 3886 1171 3952 Solonem
1190 3886 1333 3968 inprimis
1350 3894 1382 3952 et
1397 3891 1551 3954 memoria

269 3993 356 4058 fideli
385 3995 526 4059 tenuisse
554 4001 586 4060 et
616 4017 674 4059 suo
707 4016 795 4059 more
825 3993 955 4058 liberius
983 3994 1143 4057 imitatum
1174 4015 1242 4057 esse
1272 3995 1464 4060 verisimile
1489 4003 1549 4076 est,

269 4100 391 4164 scilicet
414 4097 445 4161 Φ
470 4106 550 4167 444:
1482 4121 1483 4124 ’

534 4212 593 4292 πάρ
618 4207 687 4280 Διὸς
710 4204 849 4278 ἐλθόντες
872 4209 1058 4292 θητεόσαρεν
1082 4201 1123 4276 εἰς
1146 4203 1280 4271 ἐνιαυτόν.

376 4369 424 4434 16.
447 4356 636 4454 Fragmenti
658 4367 699 4433 13
722 4393 752 4437 v.
776 4367 821 4434 48

533 4475 694 4557 ’λατρεόεη
719 4485 805 4539 τοῖσιν
828 4471 960 4558 καμπόλ
983 4472 1094 4557 ἄροτρα
1119 4473 1200 4555 μέλει
1223 4474 1374 4539 admouet
1397 4498 1456 4541 nos

268 4605 297 4646 v.
323 4582 354 4649 h.
379 4581 447 4646 Cer.
469 4586 532 4648 399
556 4582 655 4644 πολλά
679 4584 711 4643 δὲ
827 4578 958 4666 καμπύλ’
974 4581 1085 4665 ἄροτρα
1102 4583 1196 4665 μάτην
1212 4578 1279 4661 βόες
1295 4578 1380 4644 ἕλκον
1396 4581 1546 4666 ἄροόραις.

295 4705 481 4713 -—-—-.-.-—

376 4757 397 4826 ¹)
416 4759 495 4825 Quod
514 4778 653 4827 nusquam
674 4759 778 4830 legitur
797 4761 826 4814 in
845 4761 943 4815 Iliade.
