3412 5250
699 387 899 447 ..7-

158 580 215 642 aut
248 597 329 661 quae
364 576 435 641 aliis
469 575 565 642 rebus
594 575 750 642 notabilia
778 581 864 656 sunt,
895 577 1170 658 assumpserit.
1218 575 1280 640 Hic
1312 597 1440 660 quoquc

158 684 366 748 statuendum
389 682 517 767 quidem
541 683 602 748 erit
625 688 753 766 poetam
778 684 865 748 hunc
882 683 1112 748 Atheniensem
1137 681 1238 746 libere
1254 705 1347 746 usum
1371 705 1440 746 esse

159 791 310 854 thesauro
341 789 441 872 spico,
472 790 527 854 sed
555 790 777 874 unusquisque
800 791 891 854 locus
913 810 972 872 per
994 811 1028 854 se
1052 790 1112 853 erit
1135 790 1386 870 perscrutandus
1409 794 1442 854 et

158 898 357 976 tractandus
386 897 423 960 ut
450 895 606 976 eliciatur,
636 918 718 979 quae
750 897 930 961 intercedat
957 895 1132 960 similitudo
1160 895 1245 960 inter
1268 902 1440 981 utrumque

160 1010 288 1088 poetam
313 1007 451 1088 atquae
476 1003 701 1086 discrepantia.

267 1111 356 1186 Quae
386 1133 459 1176 cum
493 1110 539 1175 ita
571 1111 645 1191 sint,
679 1111 720 1175 in
747 1112 863 1176 rebus
891 1110 1024 1175 dubiis
1054 1130 1211 1174 summa
1236 1111 1375 1174 cautio
1400 1114 1441 1174 et

161 1218 375 1298 diligentia
409 1217 503 1284 nobis
526 1218 709 1283 adhibenda
737 1219 807 1298 erit,
837 1237 909 1282 01111
942 1218 1045 1282 multa
1075 1217 1221 1299 exempla
1250 1215 1441 1281 imitationis

161 1325 390 1409 quaerentibus
420 1329 452 1390 et
479 1325 710 1410 indagantibus
734 1325 860 1390 obviam
883 1325 1015 1390 veniant
1044 1325 1149 1406 specie
1174 1324 1301 1408 quidem
1324 1324 1442 1406 proba-

160 1432 239 1497 bilia
248 1432 283 1514 ¹),
307 1433 363 1496 sed
386 1434 484 1498 causa
506 1433 636 1516 penitus
660 1433 842 1498 examinata
866 1437 898 1498 01
920 1455 1079 1515 perpensa
1103 1431 1262 1496 reicienda
1285 1431 1443 1496 1111011-

161 1539 309 1603 100110
342 1539 410 1604 vel
442 1537 577 1624 casui³l
607 1540 829 1606 tribuenda.
878 1539 966 1616 Quae
994 1539 1190 1624 agravibus
1213 1543 1245 1603 et
1269 1539 1443 1621 exploratis

162 1645 315 1728 exemplis
340 1669 505 1712 secernere
528 1647 637 1720 malui,
661 1669 701 1712 ne
725 1648 825 1712 firmis
849 1647 1049 1734 argumentis
1073 1646 1190 1711 debilia
1213 1645 1443 1711 obtrectarent.

270 1753 331 1818 Sed
354 1753 434 1818 haee
457 1754 624 1819 hactenus
665 1753 743 1819 Cum
760 1758 903 1836 praestet
920 1753 1068 1818 difficiles
1084 1775 1143 1818 nos
1160 1775 1229 1818 esse
1245 1775 1282 1818 ac
1298 1775 1444 1818 morosos

163 1883 260 1944 quam
296 1861 445 1925 socordes
481 1865 513 1926 et
548 1860 705 1940 credulos
740 1861 772 1925 id
806 1859 1009 1944 potissimum
1041 1861 1250 1930 studebimus,
1284 1882 1329 1938 ne
1357 1864 1444 1924 arto

163 1967 311 2032 critica
345 1968 379 2031 in
414 1967 481 2032 ulla
515 1991 549 2032 re
584 1953 815 2034 careamus:
851 1991 914 2052 qua
948 1968 982 2032 in
1012 1967 1074 2032 hac
1106 1967 1324 2050 disputatione
1348 1967 1388 2030 ob
1412 1963 1444 2030 id

162 2075 268 2156 ipsum
292 2096 373 2156 opus
397 2097 465 2140 esse
486 2075 622 2156 videtur,
646 2075 732 2160 quod
748 2080 854 2140 textus
870 2075 998 2141 Solonis
1014 2075 1220 2159 reliquiarum
1238 2073 1324 2156 apud
1339 2073 1445 2138 varios

163 2187 311 2246 auctores
334 2186 480 2247 servatus
502 2206 617 2265 parum
634 2189 786 2248 constans
802 2182 939 2246 traditur
955 2181 1128 2266 multisque
1144 2181 1267 2245 mendis
1283 2181 1445 2244 laborans.

270 2288 323 2353 Ad
351 2311 509 2353 summam
544 2313 582 2354 ex
613 2289 668 2368 eia,
704 2311 786 2374 quae
810 2289 956 2368 diximus,
989 2289 1083 2353 haee
1106 2289 1172 2352 fere
1195 2287 1339 2352 indicia
1363 2287 1445 2350 001-

163 2395 287 2480 ligas,
324 2396 408 2460 unde
447 2396 724 2461 definitionem
762 2395 1010 2460 imitationis
1050 2395 1307 2460 conformare
1346 2393 1446 2458 cuivis

163 2501 315 2567 licebit:
341 2502 451 2567 eadem
475 2503 630 2568 vocabula
658 2504 813 2585 usurpata
847 2502 886 2566 ab
915 2507 1052 2586 utroque
1085 2508 1191 2584 poeta,
1222 2503 1271 2566 vel
1295 2501 1371 2565 bina
1399 2501 1446 2564 101

164 2609 267 2690 plura,
298 2609 414 2694 quibus
443 2610 564 2694 aliquid
595 2610 747 2692 ponderis
772 2631 809 2674 ac
832 2609 986 2674 momenti
1009 2609 1096 2686 insit,
1129 2608 1366 2694 significatione
1390 2629 1446 2671 seu
1497 2606 1498 2610 ’

165 2721 353 2780 conservata
389 2717 455 2782 sive
485 2717 664 2790 immutata,
696 2717 833 2801 vestigia
864 2718 988 2800 priscae
1012 2715 1203 2780 Graecitatis
1233 2715 1266 2779 in
1290 2715 1447 2780 recentio-

164 2822 253 2886 ribus
273 2823 477 2905 carminibua
503 2825 638 2888 eundem
654 2825 824 2889 verborum
842 2823 997 2903 ordinem,
1020 2823 1152 2888 eandem
1169 2823 1202 2886 in
1218 2843 1312 2886 versu
1329 2821 1446 2898 sedem,

164 2929 339 2994 versiculos
363 2929 612 2995 contaminando
637 2931 843 3013 compositos,
875 2931 1011 3014 denique
1042 2952 1134 2994 usum
1165 2950 1278 2993 vocum
1303 2927 1446 3012 singula-

164 3037 247 3099 rium
272 3041 304 3100 et
326 3036 545 3118 pristinarum.

273 3142 420 3208 Ceterum
443 3143 522 3207 mihi
545 3144 723 3208 timendum
747 3148 806 3226 est,
831 3165 871 3207 ne
895 3143 967 3227 quis
990 3146 1093 3224 putet,
1126 3141 1153 3205 si
1184 3145 1235 3205 tot
1256 3139 1446 3204 imitationis

166 3251 311 3332 exempla
341 3274 360 3315 a
391 3273 442 3316 me
473 3254 627 3334 congesta
659 3254 691 3314 et
722 3251 932 3332 comprobata
961 3248 1214 3331 perlustraverit,
1246 3271 1296 3312 1110
1319 3247 1351 3311 id
1375 3270 1447 3330 per·

165 3357 298 3422 suadere
329 3357 468 3423 voluisse
501 3359 652 3423 Solonem
685 3357 784 3423 fuisse
815 3363 944 3439 potitam
975 3356 1146 3420 admodum
1175 3354 1290 3418 exilem
1314 3354 1446 3436 eiusque

166 3465 308 3528 carmina
342 3486 410 3529 esse
440 3467 606 3549 tamquam
637 3487 719 3546 opus
753 3464 913 3528 musivum
946 3486 962 3527 0
993 3463 1147 3526 sescentis
1180 3461 1301 3543 lapillis
1329 3461 1447 3524 alienis

167 3571 436 3654 conglutinatum.
484 3571 624 3637 Tantum
653 3572 737 3636 enim
771 3572 877 3650 abest,
909 3574 947 3634 ut
976 3569 1144 3634 Codridam
1178 3573 1331 3633 centones
1365 3588 1447 3652 quos

122 3763 125 3770 .
277 3714 298 3779 ¹)
319 3715 364 3770 Sic
383 3718 416 3769 fr.
432 3716 500 3781 13,rr
519 3714 581 3776 Ζεὺς
600 3715 695 3766 πάντων
714 3715 792 3784 ἐφορᾷ
803 3713 875 3774 τέλος
893 3731 945 3768 nos
964 3713 1183 3768 commonefacit
1198 3710 1339 3766 notissimi
1353 3727 1448 3766 versus

169 3799 190 3852 Γ
209 3804 259 3856 177
282 3802 307 3872 (1
329 3805 387 3870 109,
406 3823 425 3873 μ
444 3807 519 3873 313);

463 3893 565 3957 Ἠέλιος
584 3893 649 3956 θ’ὃς
667 3891 734 3947 πάντ’
754 3895 846 3964 ἐφορᾷς
864 3894 908 3944 καὶ
925 3890 994 3946 πάντ’
1013 3891 1151 3960 ἐπακούεις,

168 3983 543 4046 0111111001113114Ζεὺς
563 4024 569 4037 .
589 4025 594 4035 .
616 4025 623 4038 .
642 4024 648 4036 .
668 3981 765 4044 ἄλλους
785 3980 788 4052 Ι
809 3980 960 4053 ἀνθρώπους
980 3983 1066 4052 ἐφορᾷ.
1104 3982 1158 4037 Sed
1183 3998 1265 4036 0011011
1285 3979 1355 4034 adeo
1374 3980 1449 4034 inter

168 4088 197 4126 00
216 4072 350 4128 differunt
368 4074 398 4128 hi
416 4074 480 4141 loci,
504 4078 537 4129 111
562 4074 723 4144 opinionem
746 4072 917 4128 imitationis
943 4071 1081 4142 supprimi
1104 4071 1212 4124 malim.
1249 4069 1315 4124 Pari
1337 4069 1449 4124 ratione

168 4164 212 4216 001
238 4162 395 4218 similitudo
419 4165 560 4232 quaedam
583 4164 658 4218 inter
682 4163 716 4218 fr.
734 4162 787 4226 dar
806 4161 871 4214 otro
890 4159 1010 4230 δημόσιον
1027 4163 1103 4211 κακὸν
1121 4157 1221 4228 ἔρχεται
1239 4162 1269 4214 01
1287 4177 1299 4209 ν
1317 4159 1352 4210 lli
1370 4157 1449 4228 μήτι

168 4252 244 4304 κακὸν
261 4249 416 4320 μεταδήμιον
440 4248 490 4321 εἴη,
514 4257 620 4319 tamen,
646 4271 710 4308 cum
733 4254 763 4307 in
786 4253 836 4307 illo
856 4269 938 4307 versu
956 4247 1076 4320 δημόσιον
1096 4249 1264 4303 attributum
1284 4249 1329 4315 sit,
1347 4249 1377 4303 in
1396 4249 1449 4303 hoc

168 4339 323 4410 μεταδήμιον
343 4341 536 4404 (coniunctum
556 4361 620 4398 cum
633 4339 684 4413 εἴη)
693 4343 889 4413 praedicatum
902 4343 931 4396 et
943 4339 1134 4410 postpositum
1148 4342 1177 4394 et
1189 4338 1273 4393 aliter
1286 4339 1447 4402 formatum,

169 4431 260 4485 menti
286 4431 397 4486 Solonis
420 4431 535 4486 Homeri
557 4432 651 4486 locum
676 4431 854 4486 obversatum
878 4447 937 4485 0000
960 4429 1007 4484 vix
1030 4428 1205 4484 crediderim.
1242 4425 1338 4482 Etiam
1358 4427 1390 4480 fr.
1410 4427 1447 4489 5,1

168 4516 252 4572 ἔδωκα
272 4559 278 4573 .
299 4563 304 4574 .
326 4561 332 4573 .
353 4563 359 4577 .
377 4521 468 4592 κράτος
487 4517 685 4588 0111511155
703 4519 794 4590 κάρτος
814 4559 820 4572 .
841 4560 846 4572 .
868 4560 873 4571 .
893 4516 1001 4570 δώσουσι
1026 4517 1071 4574 vel
1089 4519 1111 4572 P
1131 4517 1182 4570 561
1208 4513 1266 4584 δοίη
1284 4515 1375 4585 κάρτος
1394 4515 1449 4583 ἐμοὶ

168 4610 254 4665 nimie
272 4611 347 4666 inter
366 4629 395 4667 00
414 4612 583 4682 discrepant.

276 4695 298 4766 ²)
317 4701 398 4757 Certe
417 4702 494 4758 000111
513 4701 664 4756 debentur:
684 4699 708 4750 ἐν
725 4697 822 4772 ἡσυχίῃ
841 4699 937 4763 11110
955 4698 1191 4762 0111111010356,
1211 4696 1234 4747 ὲν
1252 4693 1326 4764 δήμῳ
1346 4697 1379 4752 fr.
1396 4696 1449 4759 lae

169 4791 198 4846 01
216 4786 230 4840 δ
249 4789 299 4844 691
321 4807 336 4842 c
354 4790 414 4859 115,
434 4789 550 4860 ἐξαπίνης
568 4787 646 4844 1111.
667 4789 736 4854 13,17
754 4788 793 4851 (in
812 4786 901 4854 exitu)
919 4789 950 4843 01
967 4785 980 4848 ξ
998 4788 1032 4840 19
1051 4789 1090 4850 (in
1108 4787 1202 4857 prima
1221 4785 1302 4846 sede).
