3412 5250
50 309 231 377 ¹inec-ra

788 315 1004 376 ..38-

255 503 395 572 ethicum
419 526 468 589 por
492 507 532 572 ad
548 503 728 586 exemplum
746 505 879 576 Homeri
902 506 1050 572 servavit.
1097 505 1241 572 Eandem
1259 507 1429 572 lectionem
1447 509 1535 593 typis

255 610 491 692 exprimendam
532 616 724 676 curaverunt
762 612 1027 680 Cresius-Hiller
1064 613 1097 676 in
1136 613 1328 698 anthologia
1361 615 1462 698 lyrica
1501 620 1535 680 et

254 715 393 781 Roemer
415 717 449 780 in
472 721 608 802 utraque
632 718 771 784 editione
794 719 868 784 libri
891 718 1076 784 rhetorices.

361 879 414 942 40.
437 873 527 948 Ξένος
549 874 730 958 ἀλλοδαπός,
753 879 840 962 quod
862 879 896 942 in
922 879 961 942 fr.
985 876 1027 942 23
1050 903 1079 944 v.
1104 877 1124 942 2
1148 877 1381 960 deprendimus
1405 881 1535 947 Solonis

256 1005 321 1046 non
350 981 539 1065 proprium,'
564 984 619 1048 ssd
649 985 688 1048 ad
718 985 855 1068 epicum,
873 990 1000 1067 podiam
1032 985 1232 1050 referendum
1268 1009 1336 1052 esse
1372 1010 1535 1073 cognosco

256 1089 373 1154 collato
397 1111 490 1155 versu

469 1217 486 1278 ρ
510 1199 574 1262 485
597 1199 649 1258 καί
671 1218 701 1258 τε
723 1199 791 1260 θεοὶ
813 1197 939 1269 ξείνοισιν
962 1194 1091 1269 ἐοικότες
1115 1197 1316 1265 ἀλλοδαποῖσι.

257 1301 457 1386 Quamquam
480 1303 750 1388 significationem
774 1305 912 1370 nominis
940 1303 1021 1376 ξένος
1047 1305 1179 1388 paulum
1209 1307 1362 1372 variatam
1392 1332 1460 1373 esse
1485 1332 1536 1372 nre

257 1432 321 1474 non
346 1409 449 1494 fugit:
473 1409 559 1493 quod
583 1410 667 1474 enim
690 1410 832 1476 Homero
854 1407 1066 1497 ‘peregrinus’
1089 1417 1148 1491 est,
1172 1413 1203 1477 id
1220 1413 1332 1478 Soloni
1352 1393 1537 1496 ‘hospitem’

257 1539 325 1581 esse
341 1517 452 1600 liquet.
489 1516 635 1581 Ceterum
659 1517 712 1582 hic
729 1517 838 1583 Attica
861 1519 964 1583 forma
980 1517 1062 1590 ξένος
1078 1541 1137 1602 pro
1153 1520 1264 1585 Ionica
1280 1519 1370 1592 ξεῖνος
1385 1544 1461 1586 usus
1478 1526 1536 1585 est.

364 1679 412 1741 41.
437 1677 636 1742 Adiectivum
664 1673 737 1750 icoc,
768 1683 874 1742 ortum
903 1702 942 1743 ex
967 1675 1076 1751 siclos,
1104 1703 1168 1764 qua
1196 1681 1299 1746 forma
1328 1681 1436 1746 Cretes
1464 1687 1537 1746 ute-

257 1785 375 1848 bantur
404 1781 443 1868 (v.
468 1783 629 1849 Prellwitz
658 1784 710 1849 Et.
736 1785 812 1849 Wb.
836 1809 861 1850 s.
886 1781 928 1870 ν.)
959 1807 1117 1870 nusquam
1149 1809 1213 1852 non
1245 1789 1402 1870 producta
1432 1789 1536 1852 vocali

260 1893 273 1952 ῐ
301 1890 433 1954 Homeri
468 1887 573 1956 aetate
607 1891 893 1974 pronuntiabatur,
932 1916 1028 1977 quarn
1067 1893 1258 1975 corripuisse
1293 1896 1396 1959 Dores
1434 1902 1534 1977 patet.

257 1997 443 2078 Correptam
465 1993 478 2059 i
499 2003 605 2064 autem
630 1999 769 2081 primum
792 2022 947 2081 apparere
970 2000 1126 2084 intellego
1150 2000 1183 2064 in
1208 2001 1339 2066 Hesiodi
1357 2002 1535 2084 Operibus3

328 2107 367 2172 cf.
393 2127 519 2170 versum
545 2110 607 2173 752
631 2106 706 2192 μηδὲ
730 2105 976 2191 δυωδεκάμηνον·
998 2105 1061 2169 ἴσον
1084 2108 1242 2169 καὶτοῦτο
1265 2112 1397 2170 τέτυκται

257 2213 351 2277 obelo
381 2214 558 2278 notandum
589 2236 693 2298 neque
724 2213 757 2278 in
785 2215 921 2278 vetustis
951 2215 1183 2290 numerandum
1197 2216 1227 2291 ¹).
1276 2215 1376 2290 Quem
1401 2215 1537 2279 cundem

256 2341 348 2384 usum
373 2321 470 2401 paulo
493 2325 567 2402 post
590 2320 718 2386 Solonis
741 2325 877 2385 aetatem
903 2320 1068 2405 Theognis
1091 2321 1272 2386 observavit
1294 2323 1327 2385 in
1352 2347 1379 2390 v.
1406 2326 1470 2389 678

630 2427 743 2512 δασμὸς
767 2425 792 2488 δ’
815 2423 910 2490 οὐκέτ’
929 2425 995 2499 ἴσος
1016 2423 1122 2508 γίνεται
1145 2423 1177 2500 ἐς
1199 2430 1231 2490 τὸ
1255 2431 1352 2512 μέσον.

258 2534 376 2598 Contra
400 2533 608 2599 Atheniensis
631 2540 727 2617 poeta
750 2557 838 2600 more
862 2535 1034 2600 Homerico
1058 2540 1206 2600 neutrum
1229 2531 1293 2597 icor
1324 2539 1356 2600 et
1378 2537 1536 2618 producta

257 2641 381 2724 syllaba
404 2641 510 2722 priore
534 2642 757 2723 pronuntiavit
780 2649 812 2706 et
836 2642 977 2706 adverbii
1005 2643 1076 2707 loco
1107 2643 1217 2724 posuit
1246 2643 1341 2726 idque
1371 2643 1403 2706 in
1432 2643 1536 2725 prima

258 2769 367 2810 versus
396 2747 479 2824 sede,
509 2749 597 2812 velut
620 2745 644 2809 Γ
668 2751 731 2814 454
755 2745 769 2809 Ι
794 2752 857 2813 616
881 2745 904 2809 Σ
929 2753 981 2827 82,
1011 2753 1048 2813 ut
1078 2749 1249 2814 imitatoris
1272 2750 1444 2834 vestigium
1467 2751 1536 2815 iure

258 2858 382 2917 statuas
404 2853 437 2916 in
461 2855 500 2918 ir.
524 2853 567 2917 ‘24
588 2879 617 2918 v.
642 2852 660 2917 l

521 2957 584 3022 ἶσόν
606 2983 648 3022 τοι
670 2962 840 3022 πλουτοῦσιν
863 2958 920 3042 ὅτῳ
943 2961 1035 3032 πολὺς
1058 2957 1187 3044 ἄργυρός
1209 2958 1293 3031 ἐστιν.

364 3123 415 3185 42.
438 3121 651 3204 Aliquantum
675 3121 874 3186 difficultatis
897 3122 1129 3205 interpretibus
1159 3127 1192 3187 et
1215 3123 1333 3188 criticis
1357 3129 1462 3189 ortum
1487 3130 1537 3189 est

257 3227 290 3290 in
314 3227 352 3290 fr.
377 3226 419 3290 24
442 3229 536 3293 modo
561 3229 663 3292 dicto:

503 3330 583 3396 Ἶσόν
607 3355 649 3396 τοι
671 3333 843 3397 πλουτοῦσιν
863 3331 920 3416 ‘dap
944 3335 1036 3407 πολὺς
1059 3335 1186 3418 ἄργυρός
1209 3331 1283 3398 ἐστιν

549 3442 601 3502 ναὶ
624 3443 738 3526 χρυσὸς
760 3443 812 3502 nort
834 3451 890 3526 γῆς
912 3439 1081 3528 πυροφόρου
1104 3442 1188 3504 πεδία

504 3542 585 3608 ἵπποι
607 3544 639 3608 δ’
662 3541 776 3632 ἡμίονοί
798 3570 837 3624 τε,
862 3549 914 3608 καὶ
938 3545 961 3630 ᾧ
985 3553 1060 3630 μόνα
1083 3558 1173 3612 ταῦτα
1194 3553 1338 3632 πάρεστιν,

550 3651 656 3736 γαστρί
675 3675 706 3716 τε
729 3656 781 3715 καὶ
802 3654 931 3738 πλευρῇς
954 3657 1005 3716 καὶ
1028 3658 1109 3717 ποσὶν
1132 3653 1210 3736 ἁβρὰ
1232 3657 1350 3736 παθεῖν,

507 3757 611 3832 παιδός
626 3756 648 3820 τ’
663 3756 717 3843 ἠδὲ
732 3757 878 3839 γυναικός,
895 3757 968 3845 ἐπὴν
983 3764 1061 3824 κατὰ
1076 3755 1138 3848 (nni
1154 3761 1200 3844 ll.)
1217 3759 1294 3825 ταῦτ’
1310 3761 1460 3848 ἀφίκηται,

550 3863 629 3952 ἥβης
646 3885 652 3898 ·
679 3867 736 3947 (sic
749 3863 864 3951 qu'rq
881 3864 939 3952 ἥβη
956 3869 1065 3953 vulgo)
1089 3870 1140 3930 σὺν
1156 3865 1181 3929 δ’
1196 3865 1261 3952 ὥρῃ
1276 3873 1381 3950 γίνεται
1397 3866 1536 3954 ἁρμόδια.

259 3990 321 4065 Qui
343 4013 454 4055 versus
477 3991 563 4056 haud
586 3990 651 4056 scio
675 4013 717 4055 an
740 3991 786 4056 sic
809 3991 902 4056 facile
924 3993 1056 4058 enodari
1071 3994 1213 4076 possint:
1238 3995 1375 4080 Magnas
1399 3994 1535 4074 divitias,

258 4104 428 4182 argentum
458 4121 585 4175 aurum,
616 4119 712 4182 agros
743 4120 843 4182 equos
874 4099 978 4181 primo
1007 4100 1079 4165 loco
1109 4102 1217 4182 posuit
1247 4102 1364 4184 Solon,
1395 4103 1535 4168 secundo

258 4205 401 4286 corporis
417 4204 643 4283 valetudinem,
666 4204 699 4268 id
722 4205 809 4288 quod
827 4206 940 4287 procul
957 4206 1053 4272 dubio
1069 4207 1115 4271 ita
1131 4209 1302 4290 probatum
1321 4215 1369 4274 est
1386 4209 1534 4286 Horatio,

258 4317 294 4376 ut
317 4312 460 4376 imitetur
484 4317 611 4394 potitam
636 4311 867 4378 Atheniensem

418 4419 461 4496 ,si
485 4419 590 4483 ventri
613 4418 703 4496 bene,
728 4420 756 4483 si
779 4419 872 4484 lateri
896 4425 945 4484 cst
967 4421 1165 4506 pedibusque
1189 4423 1263 4498 tuis¹
1289 4423 1335 4487 nil

418 4521 556 4590 Divitiae
579 4530 734 4606 poterunt
756 4527 882 4610 regales
905 4527 1020 4591 addere
1044 4529 1146 4593 maius
1170 4530 1264 4611 (Epp,
1290 4531 1314 4608 I,
1343 4533 1433 4609 l2‚e)‚

365 4703 386 4769 ¹)
407 4706 440 4758 cl'.
462 4703 630 4773 Gcettlingii
648 4706 745 4758 notam
767 4703 801 4758 ad
821 4704 895 4760 hunc
913 4705 1014 4760 locum.
