3412 5250
799 360 1017 421 „32-

267 549 475 616 adversativis
500 549 665 632 particulis
688 545 740 636 μέν
764 555 796 615 et
820 549 853 612 δέ
876 550 1025 633 opposita
1056 556 1143 625 sunt,
1174 551 1209 618 in
1232 551 1413 622 Homericis
1442 555 1547 616 autem

267 656 462 724 carminibus
487 657 658 722 coniuncta
683 657 884 740 copulativis.
931 657 1051 724 Videas

471 759 495 826 Γ
522 767 591 830 112
607 757 718 835 αἰδοῖός
741 765 772 824 τέ
795 759 848 846 μοι’
868 758 939 840 ἐσσι,
964 757 1031 849 φίλε
1053 766 1170 846 ἕεκορέ,
1195 762 1287 834 δεινός
1310 782 1341 825 τε

266 875 299 935 et
322 866 344 930 Σ
369 874 432 935 394
456 870 479 931 θ
503 874 544 936 22
569 868 584 940 t
607 873 681 944 234,
712 868 768 934 ubi
798 869 896 934 series
925 869 1039 934 horum
1069 870 1298 936 adiectivorum
1330 871 1457 937 inversa
1490 876 1546 936 est.

267 976 310 1041 Et
334 975 459 1041 Helena
489 976 615 1060 quidem
640 975 803 1040 Priamum
832 997 977 1042 socerum
1011 976 1155 1060 appellat
1185 978 1318 1062 dignum
1342 979 1548 1044 veneratione

267 1089 300 1147 ct
332 1082 534 1160 verecundia,
570 1104 653 1168 quae
686 1105 705 1146 a
736 1082 859 1164 pudore
894 1087 926 1148 et
960 1083 1075 1148 timore
1090 1081 1112 1168 ¹)
1146 1083 1403 1166 proficiscantur.
1451 1085 1549 1150 Solon

267 1195 373 1256 autem
406 1192 443 1254 ut
474 1189 585 1253 amicis
610 1189 813 1254 venerandus
841 1183 989 1272 (αἰδοῖος),
1021 1189 1066 1254 ita
1096 1189 1250 1254 terribilis
1274 1186 1388 1275 (δεινός)
1412 1189 1549 1254 inimicis

267 1319 336 1362 esse
360 1297 438 1361 vult.
485 1294 729 1378 Supervacanea
753 1300 802 1361 est
824 1296 926 1381 igitur
948 1295 1054 1362 Vossii
1080 1297 1264 1362 coniectura
1287 1293 1390 1380 crapolt
1420 1297 1454 1362 in
1478 1297 1549 1362 loce

267 1400 364 1466 δεινόν.
413 1403 559 1488 Denique
590 1409 640 1468 est
669 1402 889 1468 adnotandum
917 1425 975 1485 pro
1008 1404 1111 1468 medio
1136 1403 1309 1469 Homerico
1331 1398 1451 1466 ἰδέσθαι
1475 1405 1550 1468 sub·
1648 1481 1651 1488 Ι

267 1511 358 1575 stitui
381 1513 521 1576 activum
542 1504 614 1572 ἰδεῖν
637 1511 726 1596 leges
750 1510 943 1592 pentametri
966 1510 1106 1576 iussisse.

374 1655 421 1718 21.
444 1653 628 1718 Particuloe
651 1647 757 1736 οὐγὰρ
774 1651 827 1738 δην
850 1653 884 1717 10
907 1675 1057 1717 versuum
1082 1653 1212 1718 exordio
1237 1654 1277 1718 ab
1301 1657 1438 1738 utroque
1454 1659 1550 1735 poeta

267 1760 392 1844 positae
416 1760 498 1824 tanti
523 1759 602 1824 mihi
625 1760 779 1824 momenti
804 1782 872 1824 esse
896 1760 1056 1836 videntur,
1085 1765 1122 1824 ul
1145 1761 1281 1825 alterum
1311 1760 1404 1826 alteri
1432 1761 1466 1825 in
1490 1762 1550 1826 hac

267 1890 301 1932 re
325 1867 515 1953 magistrum
538 1867 637 1932 fuisse
661 1866 740 1931 mihi
763 1866 975 1949 persuaserim
1001 1867 1128 1932 collatis
1151 1867 1274 1932 scilicet
1297 1867 1361 1932 his:

365 1974 403 2041 fr.
429 1970 468 2036 13
492 1998 520 2039 v.
561 1970 601 2038 16
625 1968 658 2035 od
681 1975 738 2054 γὰρ
762 1970 814 2056 δην
838 1974 960 2056 θνητοῖς
981 1968 1080 2056 θβριος
1103 1970 1175 2055 ἔργα
1198 1973 1279 2035 πέλει
1302 1979 1334 2038 01

494 2103 511 2141 0
538 2084 598 2145 155
622 2075 656 2140 od
679 2082 736 2162 γὰρ
760 2077 813 2164 δην
837 2089 1001 2164 μνηστῆρες
1025 2077 1201 2142 ἀπέσσονται
1225 2076 1374 2165 μεγάροιο.

374 2223 555 2288 22170010
589 2222 653 2286 vim
687 2223 853 2307 ingentem
888 2221 1076 2304 dispellendi
1115 2221 1220 2286 inesse
1258 2227 1482 2307 cognoverunt
1519 2227 1550 2286 et

268 2331 364 2398 Solon
390 2332 423 2395 in
447 2331 485 2395 ir.
510 2326 550 2393 13
574 2353 602 2396 v.
628 2327 669 2394 18

533 2432 601 2499 ὥστ’
623 2435 730 2521 ἄνεμος
753 2437 878 2522 νεφέλας
902 2431 975 2518 αἶψα
999 2434 1184 2497 διεσκέδασεν
1208 2441 1240 2500 et
1266 2435 1425 2500 Homerus
1447 2437 1449 2440 ’

312 2547 344 2609 in
358 2542 383 2605 E
396 2548 458 2610 525
472 2567 518 2628 sq.
532 2546 619 2627 μένος
633 2539 746 2625 Βορέαο
759 2544 810 2605 καὶ
823 2540 922 2604 ἄλλων
935 2539 1087 2628 1ζαχρηῶν
1101 2539 1223 2628 ἀνέμων,
1235 2538 1304 2604 οἵτε
1315 2544 1405 2628 νέφεα
1416 2539 1549 2604 σκιόεντα

533 2659 662 2733 πνοιῇσιν
685 2649 821 2731 λιγυρῇσι
843 2648 1037 2711 διασκιδνᾶσιν
1061 2645 1179 2721 ἀλέντες

334 2780 348 2820 ε
372 2761 436 2824 368
460 2778 508 2842 sq.
532 2753 574 2828 ὡς
597 2752 622 2817 δ’
645 2753 752 2840 ἄνεμος
776 2757 852 2838 ζαὴς
874 2752 936 2837 iiam
959 2755 1089 2840 θημῶνα
1112 2754 1210 2838 τινάξῃ

533 2862 724 2950 καρφαλέων,
747 2865 784 2925 τὰ
806 2859 921 2946 μέν-ἄρ
944 2882 973 2922 τε
998 2861 1161 2924 διεσκέδασ’
1185 2860 1307 2935 ἄλλυδις
1330 2860 1419 2946 ἄλλη.

267 2973 333 3037 Νοο
356 2971 485 3036 silentio
511 2968 833 3054 praetermittendum
862 2990 976 3033 censeo
1007 2974 1179 3054 utrumque
1211 2970 1315 3034 locum
1344 2970 1546 3034 Homericum

267 3080 388 3162 pariter
411 3101 448 3143 ac
472 3077 644 3144 Soloneum
669 3075 708 3138 ad
733 3074 835 3138 simile
859 3075 925 3138 sive
948 3074 1122 3161 παραβολήν
1145 3080 1301 3158 spectare.

374 3223 424 3286 23.
447 3220 512 3284 lam
552 3217 824 3284 contaminatione
863 3216 1006 3282 locorum
1048 3215 1290 3300 Homericorum
1335 3225 1442 3282 ortum
1481 3239 1549 3282 esse

268 3327 494 3393 demonstrabo
519 3323 673 3389 Oodridae
696 3344 822 3388 versum

321 3435 359 3500 fr.
374 3431 413 3498 13
427 3456 455 3498 ν.
468 3431 509 3496 23
532 3426 641 3515 λοίμπει
664 3426 689 3490 δ’
711 3425 831 3515 ἠελίοιο·
846 3433 933 3514 μένος
955 3433 1033 3492 κατὰ
1056 3433 1141 3492 πίονα
1164 3439 1259 3510 γαῖαν,

268 3542 301 3606 10
325 3563 389 3627 quo
413 3540 469 3606 Sol
484 3539 588 3604 victor
610 3541 803 3621 tempestate
820 3537 1058 3602 defervescente
1075 3537 1278 3623 nubibusque
1294 3537 1427 3602 remotis
1446 3539 1548 3602 redire

267 3650 391 3716 dicitur.
439 3646 581 3711 Primum
605 3644 757 3727 respicias
781 3643 1029 3708 inclutissimum
1053 3644 1133 3709 illud

322 3770 346 3834 P
372 3775 433 3837 649
459 3792 505 3853 sq.
531 3765 637 3832 αὐτίκα
660 3765 684 3829 δ’
707 3765 783 3853 ἠέρα
806 3771 857 3853 μὲν
881 3767 1025 3830 σκέδασεν
1048 3771 1100 3831 καὶ
1123 3767 1238 3832 ἀπῶσεν
1262 3741 1400 3857 ὀμίχλην,

531 3871 630 3962 ἠέλιος
653 3869 677 3936 δ’
700 3870 860 3960 ἐπέλαμψε,
885 3871 971 3961 μάχη
995 3871 1020 3936 δ’
1044 3872 1090 3938 ἐπὶ
1113 3870 1195 3939 πᾶσα
1219 3879 1352 3964 φαάνθη.

266 4005 373 4080 Quid?
397 4003 483 4088 quod
508 4024 547 4066 ne
571 3999 665 4086 αἴθρη
688 4000 817 4085 quidem
841 4002 969 4085 utrique
993 4001 1065 4066 loco
1090 4001 1196 4066 deest:
1222 4002 1254 4066 in
1271 4003 1333 4068 hoc
1350 4009 1463 4068 exorat
1480 4026 1548 4068 eam

266 4113 306 4176 ab
330 4112 406 4176 Iove
430 4109 513 4175 Aiax
537 4108 745 4173 Telamonius
768 4104 822 4191 (ib.
849 4111 912 4170 646
936 4110 1055 4190 ποίησον
1079 4103 1104 4167 δ’
1128 4106 1258 4194 αἴθρην),
1290 4111 1323 4174 10
1351 4110 1408 4174 1110
1432 4134 1451 4174 a
1474 4112 1549 4175 Iove

266 4217 436 4304 postmodo
465 4216 552 4280 facta
580 4219 730 4280 narratur
756 4208 805 4298 (fr.
835 4215 934 4289 ldae:
966 4209 1037 4283 Ζεὺς
1175 4210 1295 4301 αἰθρίην
1326 4213 1407 4288 αὖτις
1439 4215 1549 4303 ’έθηκεν

264 4321 356 4410 ἰδεῖν),
395 4323 441 4389 Ut
464 4322 565 4409 igitur
588 4322 695 4387 animo
712 4319 840 4387 Solonis
865 4319 1076 4384 clarissimum
1100 4321 1179 4386 illud
1196 4322 1328 4389 Homeri
1345 4325 1549 4390 obversatum

267 4455 335 4498 esse
365 4429 468 4516 quivis
499 4429 612 4508 rideat,
644 4428 689 4492 ita
719 4423 829 4513 ἠελίοιο
853 4429 940 4510 μένος
969 4426 1097 4491 aliunde
1129 4429 1280 4494 haustum
1305 4453 1374 4496 esse
1398 4432 1549 4498 facillime

266 4538 431 4618 concedat,
455 4537 511 4622 qui
535 4533 784 4600 consideraverit
808 4532 867 4597 hos
890 4553 1001 4598 versus

375 4754 393 4818 ¹)
412 4754 452 4810 sic
471 4749 549 4812 αἰδώς
568 4754 597 4807 et
617 4747 672 4810 δέος
692 4765 850 4818 synonyma
869 4748 1003 4816 leguntur
1023 4745 1042 4798 Ο
1062 4750 1122 4801 658.
