3412 5250
87 361 123 426 ιι,
145 350 256 412 aa-rs
808 397 849 404 -
900 363 938 425 16
987 395 1029 406 .-

279 553 391 642 Neque
414 579 490 620 vero
515 579 580 621 non
603 557 807 622 aecusativus
831 561 973 640 μώνυχας
993 549 1101 627 ἵππους
1123 542 1219 640 saepe
1243 553 1350 643 (vicies
1380 563 1498 642 quater
1531 560 1573 622 in

276 663 385 744 Iliade.
410 663 509 729 semel
532 665 565 728 in
590 660 743 750 Odyssea)
767 663 807 728 ab
831 663 888 728 illo
912 663 945 727 in
969 664 1083 748 quinte
1107 665 1169 729 arsi
1194 659 1379 744 collocatur,
1412 666 1502 731 velut
1529 667 1599 730 in‘

398 767 430 831 Φ
455 775 515 836 521
542 767 651 854 Τρῶας
673 767 755 856 ὅμως
777 765 884 842 αότοός
906 767 929 831 τ’
952 765 1054 832 δλενεν
1077 773 1129 833 ναί
1152 773 1294 856 μώνυχας
1314 767 1432 844 ἵππους,

116 881 216 944 1924·
384 880 433 942 22.
458 875 589 939 Θάνατον
613 880 697 964 μυχοί
720 878 855 943 eundem
879 899 989 942 versus
1013 861 1119 942 locum
1144 879 1270 944 obtinet
1297 879 1331 942 in
1355 881 1392 947 fr.
1418 878 1461 944 24
1483 905 1511 948 ν,
1544 881 1571 944 9

504 980 564 1046 οὔδ’
587 980 623 1046 όίν
646 971 752 1047 ἄποινα
775 983 872 1055 διδοὺς
894 985 1023 1046 θάνατον
1047 987 1132 1070 ρόχοι
1166 980 1233 1047 οὐδὲ
1256 984 1450 1068 βαρείας...

276 1096 308 1156 et
322 1092 356 1155 in
373 1088 401 1153 Π
417 1089 477 1176 [98]
503 1095 576 1176 μητε
598 1112 641 1162 τις
664 1087 713 1154 οὖν
737 1088 846 1174 Τρώων
892 1093 1022 1155 θάνατον
1046 1088 1141 1178 ρόγοι,
1164 1089 1247 1155 ὅσσοι
1270 1091 1358 1172 ἔασιν,

276 1195 307 1259 Φ
334 1203 396 1264 103
421 1197 437 1258 δ
463 1202 524 1264 789
549 1219 565 1258 ο
590 1203 664 1264 300.
712 1198 759 1264 Os.
785 1199 881 1264 etiam
905 1199 936 1263 A
960 1193 1002 1265 60
1026 1200 1215 1283 similiaque.

382 1308 432 1371 23.
455 1303 506 1369 Fr.
532 1302 571 1367 27
594 1303 666 1369 ν.1
770 1372 773 1376 ,

596 1409 677 1482 Παῖς
701 1415 753 1496 μὲν
778 1410 886 1498 ἄνηβος
910 1409 964 1475 ἐὼν
988 1411 1027 1474 ἔτι
1050 1417 1152 1498 νηπιος
1175 1411 1264 1496 ἕρκος
1287 1411 1411 1476 ὀδόντων

276 1520 425 1586 omnibus
449 1520 564 1584 afferet
586 1519 772 1584 memoriam
797 1521 931 1586 Homeri

341 1623 366 1688 Δ
391 1631 454 1692 350
479 1623 503 1686 Ξ
528 1629 569 1690 83
594 1621 740 1712 Ἀτρείδη,
765 1623 846 1689 ποῖόν
869 1649 902 1688 σε
925 1625 996 1698 ἔπος
1020 1629 1108 1712 μόχεν
1177 1625 1265 1711 ἔρνος
1288 1625 1421 1707 ὀδόντων,

276 1731 1300 1820 σί.Ι409α64γ239ε22ν328τ492ρ168970.
1376 1754 1378 1758 ·

381 1843 433 1906 24.
457 1836 533 1920 Μέχ’
557 1837 674 1922 όίριστος
697 1841 817 1905 claudit
841 1845 873 1906 ei
897 1841 1025 1906 Solonis
1048 1842 1087 1906 fr.
1110 1840 1149 1906 27
1174 1867 1202 1907 ν.
1228 1841 1245 1905 7

556 1955 591 2028 τη
615 1945 646 2008 δὲ
669 1951 791 2029 τετάρτῃ
814 1957 874 2018 πᾶς
897 1970 938 2020 τις
962 1944 991 2009 ἐν
1015 1945 1155 2032 ἑβδομάδι
1257 1945 1320 2032 μέγ’
1345 1947 1463 2032 όίρτστος

275 2062 308 2123 eh
330 2057 373 2120 ib.
398 2078 427 2120 v.
448 2057 486 2118 13
555 2048 627 2114 ἑπτὰ.
651 2051 683 2113 δὲ
705 2061 770 2115 νοῦν
793 2055 845 2115 οιαὶ
868 2055 1003 2133 γλῶσσαν
1028 2050 1058 2116 ἐν
1081 2052 1235 2140 ἑβδομάσιν
1260 2051 1324 2140 μέγ’
1346 2055 1473 2140 ἄριστος,

276 2172 308 2232 et
332 2161 465 2228 Homeri
916 2213 917 2216 ι

429 2265 458 2330 Π
483 2271 544 2334 271
571 2263 612 2338 ὡς
635 2264 670 2330 ἂν
693 2263 842 2352 Πηλεΐδην
865 2273 1032 2353 τιμήσομεν,
1057 2268 1092 2339 ὃς
1276 2265 1339 2354 μέγ’
1362 2268 1489 2352 ἄριστος,

275 2377 299 2441 Ρ
326 2382 388 2444 164
411 2399 434 2460 χ
457 2381 498 2442 29
524 2377 678 2458 aliosque.

381 2485 574 2550 ταυτότητι
605 2483 744 2547 elocutio
772 2481 805 2544 in
836 2483 945 2546 eadem
970 2483 1049 2548 sede
1076 2506 1187 2548 versus
1211 2489 1346 2565 appareo
1369 2484 1401 2547 in
1426 2485 1463 2548 fr.
1489 2483 1555 2550 270

78 2596 116 2660 fr.
130 2599 180 2647 27⁶
193 2593 257 2660 (H).
277 2593 351 2659 edit.
377 2592 561 2658 Hillecrus.
588 2614 614 2654 ν.
639 2587 660 2652 3

601 2691 630 2756 ὲν
654 2696 791 2779 μετρίοισι
814 2691 961 2780 τ(ίδεσδε)
1005 2699 1096 2779 μέγαν
1119 2693 1202 2758 νόον·
1227 2692 1293 2787 οίίτε
1315 2700 1371 2780 γὰρ
1395 2694 1481 2784 ἡμεῖς

274 2812 306 2871 et
328 2808 362 2871 in
386 2807 417 2871 h.
442 2805 510 2871 (ier.
536 2808 576 2870 37
601 2806 695 2888 τόρρα
718 2797 745 2862 οἱ
768 2801 851 2871 ἐλπίς
873 2799 979 2881 ἔθελγε
1003 2805 1094 2886 μέγαν
1116 2806 1180 2865 νόον
1205 2801 1372 2890 ἀχνυμένης
1394 2826 1457 2888 περ.

114 2935 152 3000 fr.
172 2937 215 2984 23,
382 2917 434 2980 26.
456 2909 524 2974 Ἐπί
545 2918 693 2994 προχοῇσι
718 2931 886 2973 commune
910 2914 958 2972 est
982 2908 1110 2974 Solonis
1133 2910 1172 2975 fr.
1196 2909 1238 2974 28

598 3014 709 3078 Νείλου
777 3011 824 3076 ἐπί
846 3024 993 3099 προχοῇσι
1016 3011 1191 3096 Κανωβίδος
1214 3007 1336 3096 ἔχ’γυθεν
1361 3017 1456 3102 ἀκτης
1479 3025 1511 3084 εί

275 3127 440 3192 Homerici
463 3123 487 3187 P
512 3129 575 3191 263
600 3121 640 3194 ὡς
664 3122 687 3183 δ’
712 3117 752 3184 ὅτ’
776 3117 822 3182 ἐπί
843 3131 991 3206 πρυχοησι
1015 3121 1152 3194 διιπετέος
1175 3133 1328 3208 ποταμοῖο.

273 3235 414 3313 Accedit,
439 3233 525 3318 quod
547 3233 678 3316 ποταμός
702 3229 831 3312 διιπετης
853 3230 887 3292 in
911 3253 959 3294 vv.
978 3229 994 3289 δ
1011 3234 1085 3309 477,
1104 3235 1165 3296 581
1192 3233 1229 3295 de
1252 3232 1383 3296 flumine
1407 3229 1554 3312 Αἴγυπτος

274 3343 293 3406 i.
319 3365 344 3406 e.
372 3337 481 3411 Νεῖλος
504 3345 688 3420 usurpetur.
713 3341 749 3401 ut
774 3336 836 3400 duo
860 3336 922 3400 looi
947 3336 1059 3401 Soloni
1084 3338 1245 3402 obversati
1269 3339 1342 3405 sini.

100 3502 232 3560 mirssoi.
814 3475 1013 3543 ΙΑΜΒΟΙ,
1108 3519 1110 3524 ,

59 3615 96 3679 fr.
111 3610 271 3676 30.31(H).
378 3592 427 3656 27.
450 3591 536 3654 Deos
568 3587 713 3650 homines
741 3587 824 3650 tueri
847 3592 941 3668 putat
969 3586 1022 3649 hio
1045 3591 1140 3678 po'e‘ta
1164 3587 1197 3650 in
1221 3591 1408 3653 istrametro

273 3693 642 3789 mffifflfflmss

551 3797 584 3864 οἰ)
608 3804 723 3886 χρεών·
749 3801 769 3862 όί
794 3804 924 3884 μὲνγὰρ
949 3797 1026 3874 εἶπα,
1049 3803 1100 3864 συν
1124 3802 1233 3864 θεοῖσιν
1256 3799 1359 3887 ἤνυσα,

272 3913 460 3994 parimodo
485 3911 645 3976 Homerus
670 3910 702 3972 in

414 4016 437 4080 Ω
461 4023 526 4084 430
550 4013 635 4080 αὐτόν
658 4038 687 4078 τε
710 4011 802 4098 ῥῦσαι,
826 4017 938 4099 πέμψον
963 4013 995 4075 δέ
1019 4037 1055 4099 με
1078 4011 1129 4076 σόν
1152 4037 1185 4094 χε
1208 4017 1330 4094 θεοῖσιν,

272 4126 286 4189 Ι
311 4129 351 4191 49
377 4131 408 4190 εί
431 4127 516 4193 alibi.

834 4207 865 4271 M
878 4207 903 4271 E
917 4208 945 4271 A
957 4208 995 4276 H.

379 4323 431 4386 28.
455 4321 532 4385 Cum
567 4343 626 4404 pro
661 4322 828 4408 explorato
868 4318 1004 4382 habeam
1040 4319 1200 4399 digamma
1247 4321 1388 4385 litteram
1424 4321 1552 4386 Solonis

272 4432 377 4492 aetate
403 4449 465 4491 non
491 4429 554 4492 iam
579 4428 734 4510 seriptum
759 4449 839 4498 esse.
864 4425 916 4489 hio
940 4431 1025 4490 certe
1048 4426 1081 4488 in
1106 4425 1144 4490 fr.
1169 4423 1210 4490 42
1234 4451 1262 4494 ν,
1288 4425 1305 4488 l

591 4534 815 4620 περυλαημὲνος
838 4530 929 4615 ἄνδρα
954 4528 1121 4608 (Himeros
1146 4528 1202 4614 ὅρα

271 4643 415 4707 imitatus
439 4649 487 4707 est
512 4641 644 4706 Homeri
668 4639 759 4725 ἄνδρα
782 4638 907 4704 ἕκαστον
931 4661 1002 4703 cum
1026 4639 1116 4704 hiatu
1140 4639 1173 4702 in
1197 4663 1246 4704 vv.

476 4747 504 4812 H
529 4753 592 4814 424
615 4749 691 4811 ἔνθα
714 4747 866 4827 διαγνῶναι
888 4746 1030 4831 χαλεπῶς
1052 4743 1087 4830 ἦν
1111 4743 1203 4829 ἄνδρα
1225 4749 1379 4825 sessores,
