3412 5250
44 335 110 406 Cap.
130 335 165 402 ll,
187 333 256 387 1-3
800 369 839 383 ..
888 337 907 400 8
953 372 997 381 -

257 534 383 610 vocant,
408 529 636 612 conscripsisse
660 530 772 606 dicem,
797 535 834 594 ut
857 553 916 612 pro
940 535 1027 596 certo
1051 531 1187 596 habeam
1212 536 1262 596 sat
1278 531 1397 596 multas
1420 535 1546 614 potitae

256 657 423 719 superesse
454 637 598 716 virtutes
630 636 747 721 quibus
774 637 923 720 propriae
951 637 1068 702 indolis
1095 638 1159 703 vim
1182 638 1368 724 ingeniique
1392 638 1544 723 vigorem
1692 564 1698 682 i

256 743 398 808 declaret
428 747 460 808 et
490 744 640 810 illustret.
689 742 781 818 Quod
811 743 838 808 si
867 743 939 827 quis
969 743 998 808 ei
1022 743 1147 808 crimini
1175 749 1289 824 vertat,
1323 744 1410 828 quod
1441 743 1543 818 nimis
1702 728 1703 745 i

257 849 390 914 Homeri
413 851 531 916 umeris
554 851 597 915 sit
618 851 758 931 innixus,
782 850 879 916 velim
901 851 928 916 is
952 851 986 914 in
1002 850 1187 916 memoriam
1209 851 1271 916 sibi
1286 855 1415 916 revocet
1429 851 1540 932 ipsum

257 956 432 1022 Homerum
459 957 647 1040 principem,
680 980 745 1023 non
773 957 913 1040 primum
937 957 1035 1022 luisse
1058 947 1227 1023 Graiorum
1250 962 1380 1040 po'e'tam
1403 957 1541 1040 eiusque

255 1067 405 1145 poemata
436 1086 501 1130 nou
533 1063 686 1146 pusillum
718 1064 927 1146 primordium
958 1063 1070 1131 haberi
1094 1064 1204 1146 opicae
1227 1070 1372 1146 poeseos,
1402 1065 1442 1130 de
1473 1087 1541 1148 qua

256 1193 321 1235 non
360 1171 489 1257 longius
528 1171 734 1236 declinaverit
767 1171 923 1256 elegiaca,
961 1170 1017 1235 sed
1052 1171 1119 1236 eius
1153 1171 1356 1256 ingeniosam
1392 1193 1540 1236 consum·

255 1277 446 1344 mationem!

817 1470 863 1538 Oa
889 1522 896 1538 .
921 1472 974 1538 ΙΙ.

443 1599 495 1666 Ite
518 1599 608 1666 locis
631 1598 675 1663 ad
698 1599 845 1664 verbum
864 1491 911 1664 iu
934 1596 1090 1664 Homero
1115 1597 1347 1681 depromptis.

362 1763 430 1826 Iam
455 1761 583 1846 singula
606 1761 662 1824 illa
685 1781 805 1845 genera
828 1759 1057 1838 imitationum,
1082 1782 1165 1844 quae
1184 1783 1282 1842 supra
1299 1761 1536 1839 constituimus

257 1869 429 1952 separatim
453 1873 628 1932 tractemus
652 1871 684 1932 et
707 1869 747 1931 ab
772 1889 809 1931 eo
833 1865 1033 1948 incipiamus,
1068 1868 1154 1952 quod
1178 1889 1302 1931 summo
1325 1867 1397 1932 loco
1425 1869 1536 1950 posui-

257 1997 343 2053 mus;
377 1999 431 2041 eos
459 1976 529 2041 dico
561 1998 688 2052 verene,
719 1975 752 2038 in
781 1974 898 2058 quibus
926 1973 1066 2038 maxima
1100 1975 1317 2039 elocutionum
1347 1974 1536 2053 similitudo,

256 2083 334 2167 quin
362 2083 575 2168 aequabilitas
605 2081 777 2146 manifesta
812 2085 958 2163 apparet.
1006 2079 1148 2156 Quorum
1185 2103 1361 2146 numerum
1389 2103 1454 2145 non
1490 2083 1537 2146 ita

255 2212 409 2276 magnum
434 2213 502 2254 esse
525 2189 729 2272 perspicuum
753 2193 811 2252 est.

70 2384 227 2439 uturum.
766 2379 907 2444 ΕΛΕΓ
919 2381 1020 2446 ΕΙΑ.

85 2532 123 2594 fr.
143 2534 167 2582 2.
188 2535 213 2582 3.
362 2530 388 2592 1.
412 2527 445 2593 Si
470 2526 643 2592 contuleris
666 2525 842 2609 fragmenti
865 2524 896 2589 2.
920 2524 941 2588 3
965 2548 1091 2590 versum
1115 2525 1136 2590 d
1162 2528 1249 2606 (edit.
1274 2527 1421 2612 Bergk⁴)

520 2631 602 2716 ἰὀμεν
625 2627 667 2702 εἰς
689 2627 845 2715 Σαλαμῖνα
867 2630 1073 2718 μαχησόμενοι
1096 2636 1160 2717 περὶ
1183 2639 1274 2719 νησοο

257 2765 326 2808 curn
353 2741 524 2806 Homerico
549 2740 601 2802 illo
625 2734 658 2798 M
683 2739 746 2802 210

524 2850 564 2930 μη
586 2841 667 2927 ἰὀμεν
690 2840 830 2906 Δαναοῖσι
868 2843 1074 2930 μαχησόμενοι
1097 2850 1161 2930 περὶ
1183 2857 1259 2932 νηων

256 2960 391 3038 apparet
420 2955 545 3019 ratione
576 2957 608 3017 et
638 2951 838 3036 singulorum
869 2953 1098 3018 vocabulorum
1124 2959 1155 3018 et
1178 2955 1288 3018 sedum
1313 2955 1424 3018 habite
1447 2954 1535 3018 huno

255 3063 288 3126 in
312 3063 441 3127 modum
464 3062 548 3126 inter
571 3081 604 3124 se
629 3078 820 3142 congruere:

283 3161 285 3165 ’
510 3165 592 3249 ἰὀμεν
638 3165 671 3206 L
688 3170 754 3205 W
783 3165 817 3206 -'2
834 3172 862 3204 o
890 3163 1094 3251 μαχησόμενοι
1116 3170 1182 3251 περὶ
1207 3163 1289 3210 L!

513 3309 556 3320 -
576 3269 658 3354 lopcu
685 3277 751 3311 W
782 3271 814 3313 -‘-
833 3279 859 3310 Ψ
888 3270 1092 3357 μαχησόμενοι
1113 3277 1179 3356 περὶ
1203 3277 1296 3339 ΛΞ.

257 3383 365 3448 Verba
394 3377 467 3443 ἰέναι
500 3386 531 3444 et
561 3377 715 3462 μάχεσθαι
747 3381 853 3443 autem
885 3379 1032 3444 similiter
1062 3387 1138 3446 sunt
1171 3381 1343 3446 coniuncta
1374 3381 1470 3445 etiam
1500 3380 1534 3444 in

257 3476 282 3550 P
309 3493 369 3554 146
394 3509 441 3570 sq.

364 3598 392 3660 2.
416 3594 608 3673 Comparate
632 3591 806 3674 fragmenti
831 3589 852 3653 4
875 3614 970 3656 versu
993 3591 1028 3656 l:

468 3695 623 3782 Ἧμετὲρα
646 3695 678 3758 δὲ
700 3693 786 3766 πόλις
809 3701 887 3760 κατὰ
912 3701 963 3782 μὲν
986 3696 1057 3770 Διὸς
1081 3696 1178 3761 οὔποτ’
1202 3696 1308 3761 ὀλεῖται

257 3835 327 3876 cum
352 3811 402 3874 his
426 3811 579 3894 quattuor

431 3913 457 3978 B
481 3918 543 3980 325
568 3909 670 3996 ὄψιμον
694 3905 883 3993 ὀψιτέλεστον,
909 3907 943 3972 όο
966 3913 1055 3982 κλέος
1078 3907 1176 3973 ednod
1199 3909 1318 3985 ὀλεῖται,

256 4021 362 4105 Η91,
394 4045 418 4085 ω
445 4026 517 4101 196,
548 4020 580 4084 h.
611 4018 674 4100 Ap.
701 4020 764 4083 156
776 4017 797 4102 ¹)
825 4017 954 4084 Solonis
984 4041 1112 4084 versum
1146 4019 1264 4084 eisdem
1297 4022 1402 4086 verbis
1436 4026 1533 4105 atque

255 4130 329 4194 illos
352 4131 456 4195 claudi
478 4129 630 4194 videmus.
1532 4141 1534 4145 ’

363 4241 392 4302 3.
418 4235 478 4311 Qui
503 4234 631 4302 Solonis
653 4233 829 4318 fragmenti
852 4231 874 4297 4
898 4256 1025 4298 versum
1048 4232 1068 4297 2
1091 4231 1142 4318 (cf.
1169 4233 1264 4297 etiam
1288 4234 1327 4296 fr.
1356 4235 1439 4316 lca)

524 4339 608 4404 αἱσαν
631 4343 683 4403 καὶ
707 4337 849 4426 μακάρων
882 4338 894 4428 l!
926 4343 1006 4404 θεῶν
1029 4346 1138 4428 φρένας
1161 4339 1320 4404 ἀθανάτων

257 4458 290 4517 et
312 4453 343 4517 h.
370 4452 499 4515 Merc.5
524 4445 620 4532 οιίδοὶη
646 4466 652 4480 ·
706 4451 848 4531 μακάρων
872 4449 905 4510 δὲ
927 4428 1006 4513 θεάν
1030 4443 1157 4535 ἠλεύαθ’
1180 4445 1280 4532 όμιλον

257 4563 289 4625 et
312 4559 344 4625 h.
372 4561 435 4637 17,5
524 4549 621 4639 αἰδοίη
646 4572 653 4587 ·
708 4556 851 4637 μακάρων
874 4554 906 4616 δέ
929 4557 1008 4618 θεῶν
1033 4554 1158 4618 ἀλέεινεν
1182 4551 1283 4639 όμιλον

257 4685 450 4696 ...ῳ-...μ-

365 4735 385 4802 ¹)
406 4735 524 4793 Numeri
543 4735 713 4804 hymnorum
733 4735 799 4788 suut
818 4699 950 4792 editionis
970 4735 1002 4790 Δ.
1023 4734 1142 4790 Gemoll.
1179 4733 1292 4806 Lipsiae
1313 4731 1390 4786 1886.
