3412 5250
827 397 1048 459 -24..

402 587 451 653 19.
474 585 720 652 similitudinem
744 587 829 652 inter
852 587 893 654 fr.
918 585 960 651 19
984 613 1012 653 ν.
1037 584 1057 655 3
1082 611 1149 672 sq.-

670 707 763 796 αότάρ
787 707 840 798 ἐμὲ
901 711 948 785 ξὺν
972 707 1020 797 νηῒ
1041 713 1104 795 θοή
1128 713 1246 798 κλεινής
1270 712 1327 776 ἀπὸ
1350 718 1441 799 νήσοο

214 903 216 907 ,
724 818 849 907 ἀσκηθῆ
874 823 983 905 πέμποι
1005 815 1122 903 Κύπρις
1143 815 1318 906 ἰοστέφανος

297 929 329 988 et
351 946 462 990 versus
485 925 676 991 Homericos

457 1049 486 1113 A
511 1054 575 1115 389
600 1073 646 1135 sq.
672 1053 724 1134 τήν
748 1054 881 1133 μὲνγὰρ
905 1051 955 1112 σὺν
978 1045 1026 1135 νηί·
1047 1051 1109 1132 θοή
1133 1047 1277 1122 ἑλίκωπες
1299 1047 1419 1136 Ἀχαιοί

671 1153 702 1228 ές
725 1154 847 1242 Χρόσην
869 1161 1042 1242 πέμπουσιν,
1066 1154 1170 1236 άγοοσι
1194 1156 1226 1218 δὲ
1250 1157 1332 1240 δωρα
1356 1156 1458 1220 άνακτι

297 1281 493 1346 intercedere
528 1303 622 1346 nemo
655 1281 730 1360 erit,
762 1282 817 1366 qui
847 1281 1012 1348 infitietur¹
1062 1279 1229 1362 (Similiter
1253 1279 1277 1342 Ω
1302 1285 1365 1349 437
1391 1306 1437 1367 sq.
1474 1306 1495 1345 α
1519 1289 1578 1350 303

273 1409 306 1470 ‘t
330 1391 394 1453 225
418 1388 481 1472 sq.)

404 1568 455 1632 20.
479 1566 596 1630 Totam
621 1568 687 1632 sere
711 1567 882 1668 secundam
907 1572 1032 1648 partem
1056 1567 1094 1633 fr.
1120 1565 1162 1629 19
1185 1591 1214 1632 v.
1240 1566 1261 1630 ὀ
1285 1567 1338 1644 (cl.
1365 1570 1445 1648 13³⁴)

557 1686 680 1775 οἰκισμῷ
704 1687 728 1752 δ’
748 1687 795 1753 ἐπί
818 1690 891 1772 τῷδε
916 1686 1002 1775 χάριν
1062 1693 1114 1752 καί
1137 1690 1228 1762 κῦδος
1251 1689 1354 1763 ὀπάζοι
1422 1776 1424 1780 ¹

343 1804 375 1863 et
400 1799 436 1867 lr.
461 1803 529 1876 31‚2
555 1800 681 1882 θεσμοῖς
696 1797 791 1860 τοῖσδε
807 1795 899 1883 τάχην
917 1795 1036 1882 ἀγαθήν
1059 1800 1111 1858 καί
1133 1797 1222 1868 κῦδος
1246 1794 1374 1861 ὀπάσσαι

298 1945 337 1988 ex
361 1923 494 1988 Homeri
519 1923 714 1988 carminibus
737 1923 927 1987 translatam
953 1945 1021 1987 esse
1045 1923 1228 1988 luculenter
1252 1923 1477 1989 demonstrant

332 2097 334 2102 ,
428 2052 533 2114 0320
557 2045 722 2130 ἀνθρώπων
746 2046 855 2130 ἐ’ρχοισι
911 2051 998 2132 χάριν
1059 2051 1111 2110 καί
1134 2047 1224 2119 κῦδος
1247 2045 1347 2120 ὀπάζει

442 2150 467 2217 Δ
491 2159 533 2220 95
557 2164 627 2216 πᾶσι
644 2153 676 2215 δέ
692 2175 742 2216 κεν
758 2149 889 2236 Τρώεσσι
913 2150 998 2239 χάριν
1059 2157 1111 2216 καί
1134 2154 1224 2226 κῦδος
1248 2153 1332 2238 άροιο

413 2259 441 2322 Η
466 2266 530 2328 205
553 2259 619 2346 ἴσην
644 2259 834 2347 ἀμφοτέροισι
857 2262 920 2346 βίην
1060 2263 1111 2322 καί
1134 2260 1224 2332 audac
1248 2261 1384 2330 ὄπασσον,

299 2388 368 2452 Nec
390 2409 466 2451 vero
491 2387 712 2472 neglegendae
736 2391 813 2451 sunt
828 2386 888 2450 hae
905 2388 1085 2450 clausulae:
1109 2384 1198 2457 κῦδος
1223 2383 1323 2458 ὀπάζει
1348 2385 1386 2458 (Θ
1402 2392 1459 2452 141
1479 2384 1577 2452 Peos

299 2491 331 2556 Φ
356 2496 420 2560 570
443 2514 458 2553 τ
484 2497 569 2573 161),
602 2513 631 2561 κ,
657 2490 749 2565 ὄπαζε
779 2492 854 2575 imp.
881 2503 909 2572 (γ
934 2498 973 2560 57
1005 2493 1036 2560 h.
1062 2493 1158 2561 Mero.
1185 2499 1272 2570 477),
1304 2515 1333 2558 κ,
1365 2491 1471 2566 ὀπαζεν
1500 2494 1579 2576 impl

300 2597 345 2679 (Μ
370 2597 739 2680 2550327Π730).

408 2781 455 2844 21.
482 2779 669 2843 Extremum
695 2779 731 2845 lr.
756 2778 801 2841 20
825 2801 952 2842 versum
975 2776 996 2840 4

415 2883 634 2972 ὀγδωκονταέτη
659 2894 746 2971 μοῖρα
770 2883 851 2970 κίχοι
874 2885 1005 2948 θανάτου
1029 2887 1081 2966 (cl.
1113 2892 1196 2961 13ρο
1224 2888 1302 2947 θεῶν
1327 2909 1357 2971 μ,
1382 2881 1468 2970 κίχη)

301 3011 400 3076 Solon
424 3013 581 3093 expressit
604 3011 759 3076 imitando
784 3010 918 3076 Homeri
942 3032 1052 3076 versus

366 3113 391 3177 Ρ
415 3122 491 3194 478,
516 3122 578 3184 672
604 3115 632 3178 Χ
657 3121 721 3183 436
746 3119 822 3188 ζωός
846 3112 916 3194 edm
941 3125 988 3178 νῦν
1012 3114 1050 3179 αὖ
1073 3118 1205 3190 θάνατος
1228 3119 1280 3180 καί
1303 3126 1393 3202 μοῖρα
1415 3123 1531 3202 κιχάνει

302 3225 318 3304 β
335 3227 396 3289 100
408 3245 425 3302 γ
439 3227 531 3289 238τ
547 3229 608 3289 145
621 3247 645 3285 ω
665 3228 723 3288 135
748 3219 825 3306 μοῖρ’
841 3219 915 3308 ὀλοή
931 3224 1082 3307 καθέλῃσι
1099 3223 1275 3310 τανηλεγέος
1288 3227 1431 3288 θανάτοιο
1448 3227 1579 3311 aliaque.

303 3349 406 3424 Quid?
432 3370 539 3412 noune
563 3350 699 3413 fortasse
724 3348 807 3413 idem
831 3353 868 3412 ut
892 3370 968 3413 suus
991 3354 1126 3430 po'e'seos
1150 3350 1305 3434 magister
1324 3351 1428 3414 forma
1444 3351 1582 3435 genetivi

301 3457 443 3517 θανάτοιο
467 3478 583 3520 usurus
606 3455 677 3536 luit,
703 3454 764 3520 nisi
788 3459 1026 3537 pentametrum
1050 3457 1216 3522 finxisset?

409 3637 458 3700 22.
485 3635 533 3699 Ad
557 3636 687 3700 verbum
715 3635 778 3698 lere
805 3633 957 3717 congruit
980 3634 1126 3699 clausula
1149 3635 1187 3702 lr.
1213 3634 1251 3698 21
1275 3660 1302 3702 v.
1328 3634 1347 3698 2

805 3746 957 3826 ποιήσαιμι
981 3741 1082 3803 θανὼν
1106 3740 1199 3819 άλχεα
1211 3745 1262 3804 καί
1274 3746 1422 3827 στοναχάς

410 3872 480 3913 cum
506 3848 532 3910 B
556 3853 597 3914 39
622 3846 724 3933 θήσειν
748 3853 804 3930 γάρ
828 3843 868 3910 ’ἔτ’
890 3846 1012 3932 ἔμελλεν
1036 3844 1080 3910 ἐπ’
1103 3845 1197 3928 άλχεά
1220 3871 1249 3910 τε
1274 3854 1424 3934 στοναχάς
1447 3871 1477 3910 τε

519 3956 534 4027 Ε
558 3961 598 4022 39
622 3957 675 4022 καί
698 3954 731 4017 δέ
747 3976 796 4040 μοι
812 3954 893 4018 ἄλλα
908 3956 974 4017 θεοί
991 3951 1080 4018 δόσαν
1104 3953 1199 4035 άλχεά
1222 3978 1251 4018 τε
1275 3960 1426 4041 στοναχάς
1449 3979 1487 4024 τε,

305 4081 440 4147 Causam
458 4086 563 4146 autem
581 4086 648 4146 tam
665 4081 800 4166 exiguae
817 4081 1084 4146 dissimilitudinis
1096 4079 1227 4146 Solonei
1243 4081 1306 4146 loci
1323 4104 1395 4146 cum
1413 4080 1583 4146 Homerico

300 4189 507 4271 repetendam
540 4211 609 4254 esse
640 4211 678 4252 ex
709 4188 803 4252 metri
833 4188 1025 4252 necessitate
1054 4188 1124 4252 luce
1154 4188 1271 4252 clarius
1300 4193 1358 4256 est.
1406 4186 1491 4252 Nam
1519 4187 1584 4268 ipse

300 4295 472 4373 Homerus
490 4295 516 4359 si
533 4295 657 4360 numeri
671 4295 842 4380 cogebant,
859 4295 994 4358 nomina
1007 4296 1170 4376 copulavit
1186 4296 1294 4360 eadem
1308 4295 1468 4377 particula
1483 4288 1535 4354 καί
1550 4297 1584 4356 ut

378 4424 392 4463 e
417 4407 468 4480 83,
495 4401 593 4487 [157]
618 4401 741 4484 δάκροαι
764 4404 817 4463 καί
840 4410 1002 4486 στοναχήσι
1025 4403 1077 4462 καί
1101 4399 1201 4482 άλχεσι
1224 4403 1322 4486 θομόν
1345 4397 1492 4485 ἐρέχθων.

302 4617 375 4672 Nam
400 4586 508 4672 formae
534 4614 612 4672 verbi
636 4611 736 4666 ἀνάσσω
759 4615 865 4684 ubique
891 4616 949 4671 lere
973 4633 1085 4670 versum
1107 4615 1212 4670 finiunt
1235 4615 1311 4685 apud
1334 4614 1416 4668 illum
1439 4615 1474 4678 (v.
1495 4610 1517 4664 B
1539 4612 1586 4666 108

300 4703 322 4758 T
344 4705 394 4758 ma
411 4702 433 4756 r
452 4692 523 4770 [307]
544 4701 569 4754 ο
589 4703 623 4756 sc
644 4722 661 4754 α
682 4703 739 4764 181,
759 4705 812 4758 mo
831 4702 847 4754 ι
866 4702 929 4768 sio)
950 4707 1065 4775 praeter
1088 4721 1185 4758 versus
1204 4703 1227 4756 n
1249 4704 1300 4757 180
1318 4701 1342 4755 N
1362 4702 1454 4772 arsa
1475 4703 1516 4770 11,
1539 4703 1585 4757 uu
1679 4739 1680 4766 ρ

304 4812 407 4852 nomen
425 4795 534 4864 gentile
554 4797 620 4849 ante
640 4793 758 4848 verbum
777 4791 875 4844 ἀνάσσω
896 4794 1067 4849 collocatum
1086 4793 1116 4847 in
1135 4793 1228 4864 prima
1249 4793 1313 4848 sedo
1332 4809 1427 4847 versuo
1446 4797 1499 4848 eet.
