3412 5250
682 853 763 908 «Πᾶσι
781 853 808 907 δέ
824 873 863 910 τοι
880 853 987 918 κίνδυνος
1011 851 1047 908 ἐπ’
1070 854 1195 926 ἔργμασιν,
1222 854 1278 909 οὐδὲ
1296 874 1332 919 τις
1352 851 1423 920 οἶδεν,

758 937 880 1014 ᾗμέλλει
899 943 1009 1015 σχήσειν,
1030 943 1164 1015 χρήματος
1182 944 1344 1016 ἀρχομένου.»

1106 1035 1162 1090 Sol.
1181 1035 1214 1088 fr.
1236 1035 1304 1101 13,οο
1323 1054 1364 1104 sq.

52 1087 111 1285 d

52 1276 122 1422 'r

71 1480 114 1606 ‘i

71 1609 107 1658 Q

248 1719 384 1817 Solonis
413 1749 611 1814 Execestidis
642 1749 700 1814 filii
731 1749 943 1825 nobilitatem,
975 1749 1146 1829 iustitiam,
1178 1749 1425 1830 humanitatem,

145 1878 286 1920 amorem
318 1856 459 1938 patriae,
496 1857 664 1922 consilium
698 1856 729 1920 io
761 1855 890 1920 civitate
922 1856 1066 1920 sananda
1098 1861 1130 1922 et
1162 1857 1424 1934 administranda,

145 1963 269 2047 ingenii
300 1985 434 2028 acumen
464 1963 498 2027 in
528 1963 656 2048 legibus
687 1962 838 2041 ferendis,
876 1962 1010 2046 denique
1041 1967 1144 2027 totam
1176 1962 1317 2028 indolem
1350 1984 1425 2026 vere

145 2071 267 2154 regiani
303 2070 330 2134 si
364 2070 471 2134 animo
506 2069 712 2149 volutaveriS,
746 2070 855 2134 facere
886 2091 952 2133 non
985 2070 1124 2152 poteris,
1157 2070 1236 2154 quin
1267 2091 1426 2134 summum

145 2177 258 2253 virum,
283 2177 310 2241 si
333 2176 471 2261 aliquem
495 2176 752 2268 Atheniensium,
777 2175 863 2260 regis
888 2177 1016 2241 nomine
1041 2177 1264 2262 dignissimum
1294 2175 1425 2252 iudices,

146 2283 207 2346 etsi
229 2283 297 2365 ipse
321 2306 385 2368 qua
409 2288 477 2347 erat
501 2284 599 2348 animi
629 2283 786 2357 modestia
814 2287 847 2347 et
875 2283 1086 2359 continentia,
1117 2283 1204 2369 regis
1233 2283 1364 2348 titulum
1393 2283 1426 2346 in

145 2390 304 2454 liberare
327 2390 458 2472 publica
480 2390 585 2467 noluit
607 2390 669 2454 sibi
691 2389 852 2455 vindicare
861 2385 892 2474 ¹).
940 2389 1023 2454 Nam
1047 2391 1074 2453 si
1098 2413 1156 2454 suo
1179 2391 1248 2454 iure
1270 2388 1368 2454 Plato
1391 2388 1425 2452 in

146 2498 260 2580 quinto
285 2496 323 2563 de
346 2519 380 2560 re
404 2497 533 2578 publiea
549 2497 631 2561 libro
648 2497 763 2560 statuit
779 2518 833 2560 eas
850 2496 996 2572 civitates
1012 2498 1133 2580 optime
1149 2497 1227 2578 regi,
1250 2497 1285 2560 in
1309 2496 1426 2578 quibus

146 2608 202 2666 aut
233 2603 460 2684 sapientissimi
489 2603 559 2683 viri,
590 2625 672 2687 quos
702 2602 814 2668 Graeci
837 2603 1019 2689 φιλοσόφους
1043 2608 1173 2684 vocant,
1207 2604 1427 2689 gubernacula

146 2714 279 2774 teneant
309 2710 355 2774 rei
387 2709 549 2792 publicae,
582 2714 639 2774 aut
671 2709 904 2794 gubernatores
936 2709 1032 2774 iidem
1064 2709 1129 2774 sint
1158 2707 1426 2791 sapientissime),

147 2817 261 2880 merito
297 2802 392 2880 Codri
424 2817 546 2880 subolis
580 2815 828 2881 inclutissimum
863 2816 1046 2900 insignibus
1076 2817 1174 2902 regiis
1204 2817 1426 2902 dignissimum

144 2923 410 2990 existimabimus.
458 2923 564 2988 Pluris
599 2927 706 2988 autem
742 2928 800 3002 est,
836 2922 960 3004 opinor,
996 2923 1128 3008 dignum
1163 2924 1271 3005 putari
1303 2947 1427 2988 summa

146 3029 241 3094 laude
268 3029 353 3111 apud
377 3034 524 3112 posteros
548 3031 652 3094 onmis
675 3030 791 3094 aetatis
814 3052 911 3114 quam
934 3029 1040 3112 ipsum
1064 3052 1188 3094 summo
1218 3030 1341 3095 honore
1365 3030 1427 3094 l‘rui

147 3136 232 3217 apud
260 3137 420 3220 aequales.
468 3136 588 3212 Quodsi
618 3137 759 3221 undique
791 3157 962 3216 congerere
990 3137 1083 3202 velini
1112 3137 1207 3201 huius
1236 3137 1427 3202 immortalis

147 3243 207 3306 viri
233 3243 355 3320 laudeS,
389 3245 506 3328 quibus
535 3243 626 3308 illum
657 3247 689 3307 et
719 3243 938 3308 iurisconsulti
970 3247 1001 3307 et
1024 3242 1148 3325 politici
1171 3249 1203 3308 et
1226 3245 1371 3309 historici
1395 3249 1427 3308 et

147 3351 320 3432 scriptores
343 3351 496 3416 historiae
519 3351 700 3416 litterarum
725 3351 919 3428 extulerunt,
950 3349 1036 3414 haud
1065 3351 1131 3415 scio
1155 3373 1197 3414 an
1220 3351 1314 3416 unius
1338 3355 1427 3415 arcto

147 3458 248 3521 libelli
272 3458 433 3523 volumine
456 3458 488 3523 id
512 3459 668 3523 conficere
691 3479 757 3522 non
772 3457 908 3541 possim;
933 3461 1012 3521 satis
1027 3457 1128 3542 igitur
1144 3458 1253 3537 habui,
1277 3481 1316 3522 ex
1337 3459 1428 3522 testi·

147 3563 274 3642 moniis,
299 3565 415 3648 quibus
439 3565 573 3630 virtutes
597 3565 665 3629 eius
680 3565 915 3646 praedicantur,
940 3585 1040 3628 unum
1063 3586 1210 3646 promere
1234 3587 1273 3629 ex
1297 3569 1427 3628 auctore

148 3671 205 3735 ille
229 3672 358 3736 minime
381 3672 587 3757 panegyrice,
622 3673 677 3736 sed
701 3672 811 3736 Attico
835 3672 902 3736 sale
930 3676 963 3736 et
990 3693 1067 3736 suae
1091 3671 1206 3736 aetatis
1231 3676 1263 3736 et
1284 3671 1427 3753 priorum

147 3784 329 3860 temporum
360 3779 503 3864 insignes
535 3779 681 3843 homines
711 3779 847 3864 largiter
877 3779 1101 3860 perfundente.
1150 3778 1246 3842 Cuius
1275 3778 1427 3842 iudicium

149 3908 186 3950 eo
216 3886 290 3967 plus
320 3885 416 3965 valet,
445 3887 530 3970 quod
555 3887 706 3951 Solonem
735 3908 801 3950 non
831 3884 925 3950 modo
956 3887 1113 3951 intactum
1136 3885 1371 3966 vituperatione
1396 3890 1428 3949 et

149 3993 280 4058 crimine
305 3993 439 4057 liberum
463 3993 567 4058 obiter
589 3993 788 4072 memoravit,
813 3993 868 4058 sed
891 4016 1016 4058 summa
1036 3992 1173 4077 quadam
1192 3992 1307 4080 ertulit
1322 3993 1426 4056 laude.

148 4099 277 4164 Etenim
293 4098 527 4166 Samosatensis
551 4101 697 4182 sophista
717 4101 751 4164 in
768 4099 887 4184 dialogi
904 4099 1147 4185 elegantissimi,
1171 4099 1226 4182 qui
1242 4099 1428 4164 inscribitur

148 4205 269 4289 Scytha
303 4228 359 4270 seu
393 4207 511 4289 hospes
546 4203 681 4290 (Σκύθης
711 4201 730 4290 ἢ
761 4200 934 4288 πρόξεινος),
967 4206 1071 4287 eapite
1106 4204 1242 4286 septimo
1277 4205 1428 4294 Toxarim

148 4313 360 4378 Anacharsidi
373 4315 565 4399 Scytharum
577 4313 725 4411 principi,
738 4313 793 4396 qui
808 4311 1251 4398 cognoscendaeGraecorum
1264 4311 1427 4378 doctrinae

257 4475 278 4538 ²)
297 4475 372 4530 Plut.
393 4475 448 4530 Sol.
468 4493 490 4530 c.
512 4475 552 4526 14.

256 4561 279 4631 ²)
300 4568 394 4621 Aurea
413 4583 466 4620 vox
475 4563 604 4619 Platonis
622 4563 693 4618 haec
712 4566 754 4618 est
774 4561 853 4634 (Rep.
865 4563 897 4628 V,
911 4562 1002 4632 p.473
1016 4559 1060 4629 Ol:
1080 4561 1142 4613 Ἐὰν
1161 4562 1198 4632 μὴ
1217 4561 1236 4620 l]
1256 4559 1280 4612 oi
1298 4562 1428 4631 φιλόσοφοι

149 4654 328 4723 βασιλεύσωσιν·
347 4655 370 4706 ἐν
388 4661 444 4715 ταῖς
463 4651 561 4704 πόλεσιν
579 4649 599 4722 ἢ
617 4648 640 4703 ot
658 4649 773 4720 βασιλεῖς
790 4667 817 4702 τε
835 4657 875 4702 νῦν
892 4649 1021 4720 λεγόμενοι
1042 4649 1083 4702 καὶ
1102 4648 1219 4702 δυνάσται
1240 4649 1429 4719 φιλοσοφήσωσι

148 4742 258 4815 γνησίως
281 4761 307 4796 τε
330 4743 373 4796 καὶ
395 4740 486 4802 ἱκανῶς
510 4738 553 4792 καὶ
574 4745 646 4792 τοῦτο
673 4738 709 4801 εἰς
733 4737 821 4792 ταύτὸν
845 4737 964 4809 ξομπέσφ,
990 4737 1090 4806 δύναμίς
1116 4755 1142 4789 τε
1161 4737 1276 4808 πολιτικὴ
1294 4735 1337 4789 aul
1356 4735 1429 4805 φιλο·
1490 4682 1514 4826 ld

149 4832 223 4904 σοφία
243 4874 249 4886 .
270 4873 275 4884 .
296 4873 311 4900 .,
330 4831 376 4885 oba
394 4830 443 4884 ’ἔστι
461 4837 545 4882 κακῶν
563 4828 648 4880 παῦλα
665 4835 722 4889 ταῖς
741 4827 846 4879 πόλεσιν.
1436 4749 1491 4940 Op

1381 4935 1391 4986 l
