3412 5250
809 341 1024 403 „20-

272 538 383 620 ltaque
407 537 504 601 etiam
528 535 679 600 Solonem
704 534 845 598 dativum
870 555 1042 615 usurpasse
1065 534 1131 598 veri
1154 533 1258 598 simile
1275 537 1333 612 est,
1358 555 1553 616 quamquam

271 647 374 708 metro
399 665 463 708 non
487 641 720 725 prohibebatur
743 641 865 726 fingere
881 661 936 724 μευ
953 636 1125 725 είιχομένου,
1150 641 1235 725 quod
1255 640 1453 704 Valckenaer
1476 661 1554 704 sane

271 752 440 814 immature
465 750 610 814 coniecit.
658 747 839 824 Praeterea,
870 769 941 811 cum
965 746 1004 814 fr.
1018 744 1058 810 13
1081 744 1146 812 τ.3
1171 747 1336 812 contineat
1355 743 1357 832 l
1376 743 1462 825 ὄλβον
1477 800 1482 811 .
1500 794 1507 810 .
1524 796 1530 809 .
1549 798 1555 810 .

271 853 346 935 δότε,
372 879 411 922 ne
435 857 565 921 omittas

378 965 409 1028 h.
438 968 503 1041 llp
529 970 626 1046 χαῖρε,
652 960 733 1034 ἄναξ,
758 958 827 1031 Διδς
851 955 894 1022 υἱέ
920 979 926 992 ·
952 958 1031 1020 δίδου
1055 957 1198 1044 δ’ἀρετήν
1222 962 1326 1022 τεκαὶ
1350 957 1437 1039 ὄλβον

379 1072 410 1135 h.
439 1075 504 1148 19ss
532 1065 598 1131 ἀλλ’
622 1063 719 1152 ίληδ’,
747 1063 894 1153 Ἥφαιστε
921 1083 927 1094 ·
952 1065 1032 1128 δίδου
1056 1063 1198 1152 δ’ἀρετήν
1222 1069 1326 1130 τεκαὶ
1349 1065 1446 1148 ὄλβον,

378 1207 408 1270 8.
435 1202 634 1266 Adiectivum
659 1199 825 1282 ἀτρυγέτοιο
849 1202 945 1266 finem
969 1201 1068 1265 efficit
1091 1224 1240 1266 versuum
1263 1201 1301 1264 fr.
1327 1198 1367 1264 13
1391 1224 1420 1268 v.
1444 1197 1486 1264 19

575 1303 682 1392 ἠρινός,
708 1306 742 1377 ὃς
763 1303 868 1368 πόντου
891 1307 1097 1392 πολυκίμονος
1120 1305 1286 1391 ἀτρυγέτοιο

317 1422 349 1482 et
373 1419 388 1487 ζ
413 1418 476 1480 226
501 1411 536 1475 ἐκ
558 1413 695 1499 κεραλῆς
719 1409 743 1472 δ’
759 1411 889 1498 ἔσμηχεν
912 1409 987 1485 ἁλὸς
1010 1419 1097 1499 χνόον
1121 1412 1288 1497 ἀτρυγέτοιο
1313 1394 1365 1489 (cf.
1385 1415 1417 1480 h.
1436 1418 1507 1489 6ο).

272 1525 358 1589 Idem
385 1546 501 1588 nornen
527 1520 591 1603 ἀτρ.
615 1523 648 1585 in
672 1521 805 1586 Homeri
830 1522 1026 1586 carminibus
1054 1545 1149 1604 saepe
1174 1521 1356 1605 appositum
1386 1545 1455 1586 esse
1478 1523 1554 1586 sub·

272 1632 421 1697 stantivis
444 1627 548 1700 πόντος
571 1627 645 1702 (vel.
664 1624 689 1690 0
706 1630 761 1712 27)
786 1629 1007 1712 similibusque
1032 1633 1081 1708 (ut
1096 1627 1254 1707 θάλασσα)
1278 1629 1436 1693 neminem
1458 1629 1551 1713 fugit.

380 1769 408 1831 9.
434 1763 547 1848 Neque
571 1785 645 1826 vero
670 1784 735 1826 non
759 1762 792 1825 in
816 1763 854 1825 fr.
881 1759 920 1825 13
944 1787 972 1826 v.
997 1759 1035 1826 21
1060 1785 1098 1846 sq

593 1868 712 1952 δγρλσας
735 1869 816 1930 καλά
837 1867 919 1950 ἔργα,
943 1869 1023 1931 θεῶν
1046 1865 1112 1940 ἕδος
1146 1864 1231 1932 αίπδν
1254 1864 1346 1930 ἱκάνει
1370 1866 1373 1954 l
1399 1864 1520 1949 οὐρανόν

273 1979 443 2042 manifesta
467 1976 601 2041 Homeri
625 1977 761 2059 vestigia
786 1977 937 2060 colligere
960 1977 1091 2059 poteria,
1117 1977 1144 2041 si
1168 1977 1406 2059 contemplatus
1430 1977 1492 2040 eris

434 2081 458 2144 E
484 2088 546 2149 367
571 2079 643 2165 αἶψα
666 2077 691 2142 δ’
706 2077 799 2144 ἔπειθ’
819 2078 917 2143 ίκοντο
942 2083 1021 2144 θεῶν
1044 2081 1119 2155 ἕδος,
1143 2079 1228 2144 uinta
1247 2079 1403 2167 Ὄλυμπον

415 2191 457 2254 ib.
482 2195 545 2257 868
568 2189 766 2271 καρπαλίμως
783 2185 807 2248 δ’
820 2185 903 2250 ἵκανε
939 2191 1018 2251 θεῶν
1041 2188 1117 2261 ἕδος.
1142 2185 1227 2251 αίπδν
1247 2186 1402 2273 Ὄλυμπον

337 2299 369 2361 h.
395 2297 455 2379 Ap¹
485 2301 546 2362 109
572 2291 664 2376 αάτάρ
688 2291 748 2356 ἐπεί
778 2290 802 2377 ρἓ
823 2291 906 2356 ἵκανε
941 2298 1020 2357 θεῶν
1044 2293 1119 2375 ἕδος,
1144 2292 1228 2359 αίπδν
1249 2293 1412 2381 Ὄλυμπον,

274 2406 328 2484 (of.
353 2408 425 2476 §42
451 2403 650 2486 similiaque).
699 2401 845 2466 Ceterum
871 2403 958 2467 hunc
981 2409 1108 2486 potitam
1130 2427 1195 2469 non
1212 2405 1359 2468 servilem
1375 2405 1408 2468 in
1425 2405 1552 2468 modum

274 2512 410 2576 sublime
434 2510 597 2591 exemplar·
620 2510 816 2574 aemulatum
839 2534 907 2575 esse
923 2516 1023 2592 patet,
1049 2533 1120 2575 cum
1143 2516 1174 2575 et
1190 2506 1313 2594 οὐρανόν
1328 2534 1387 2593 pro
1400 2507 1554 2594 Ὄλυμπον

274 2619 418 2701 posuerit
442 2623 474 2682 et
495 2618 627 2683 verbum
652 2613 744 2680 ἱκάνει
767 2620 851 2684 inter
875 2620 1004 2683 nomina
1029 2621 1243 2684 collocaverit.

380 2745 429 2810 10,
456 2741 517 2818 Qui
549 2741 681 2805 Homeri
715 2743 855 2806 carmina
885 2745 936 2807 vel
967 2744 1070 2808 obiter
1104 2745 1318 2826 perlustrant,
1351 2745 1384 2808 in
1416 2745 1554 2830 legendo

274 2850 312 2914 fr.
338 2847 377 2912 13
402 2873 430 2913 v.
456 2847 501 2914 30

594 2951 684 3024 αῗιτοί,
709 2955 784 3041 μηδὲ
807 2958 885 3018 θεῶν
910 2953 984 3041 μοῖρ’
1008 2953 1129 3019 ἐπιοῦσα
1151 2960 1226 3041 κίχγγ

275 3058 591 3146 comprehenduntur
615 3063 837 3127 recordatione
861 3085 1009 3128 versuum

482 3190 504 3252 χ
528 3174 592 3235 413
617 3169 717 3231 τοίιοδε
741 3169 772 3230 δέ
796 3169 870 3252 μοῖρ’
895 3166 1044 3254 ἐδάμασσε
1068 3173 1145 3232 bstou
1169 3173 1220 3232 καί
1243 3171 1365 3255 σχέτλια
1389 3169 1459 3253 ἔργα

484 3277 503 3338 λ
527 3280 590 3340 292
616 3273 739 3346 ἐξελάαν
764 3291 770 3304 ·
796 3275 917 3360 χαλεπὴ
941 3275 973 3337 δέ
996 3278 1069 3339 θεοῦ
1093 3282 1171 3339 κατά
1195 3287 1284 3362 μοῖρα
1307 3277 1417 3358 πέδησε

297 3383 329 3448 h.
356 3384 414 3464 llp.
440 3383 502 3459 (Ρ.)
527 3387 591 3447 238
615 3379 761 3466 εὔχονται.
791 3382 890 3468 δίρρον
944 3383 976 3444 δέ
999 3385 1073 3447 θεοῦ
1097 3387 1159 3445 τότε
1196 3393 1286 3468 μοῖρα
1310 3385 1453 3470 ρυλάσσει

275 3487 299 3550 Ρ
312 3494 385 3567 418,
405 3493 466 3556 672
487 3487 590 3554 11436
616 3491 690 3559 ζωὸς
720 3485 788 3565 eliu
820 3497 867 3549 wir
897 3485 934 3549 αδ
965 3491 1095 3560 θάνατος
1123 3491 1174 3550 καί
1198 3499 1287 3572 μοῖρα
1310 3497 1425 3576 κιχάνει

1208 3594 1283 3681 (OD
1308 3595 1449 3683 κάλυψεν)

476 3699 502 3762 X
528 3705 591 3767 303
615 3708 778 3787 πρόφρονες
801 3698 938 3786 είρυατο·
977 3712 1024 3766 νυν
1044 3699 1113 3765 αδτέ
1137 3725 1173 3787 με
1197 3713 1286 3786 μοῖρα
1309 3707 1423 3788 κιχάνει
1435 3702 1465 3790 Ι),

380 3829 425 3892 11.
450 3826 635 3892 Contrarias
659 3823 776 3906 ἀγαθός
797 3849 826 3888 τε
843 3824 939 3898 κακὸς
954 3849 983 3888 τε
1009 3827 1222 3890 masculini
1248 3827 1365 3892 formas
1389 3829 1558 3894 coniunxit

274 3934 384 4012 Solon,
409 3935 601 3999 neutrius
632 3935 751 3998 formas
775 3934 893 3998 dudum
922 3935 1132 3998 coniunxerat
1158 3933 1327 4012 Homerus,
1360 3941 1494 4020 uterque
1522 3937 1556 4000 in

275 4041 418 4106 clausula
448 4042 485 4109 fr.
511 4039 551 4105 13
575 4066 602 4109 v.
628 4039 671 4104 33

384 4148 488 4231 θνητοί
512 4144 536 4208 δ’
551 4144 609 4210 ὧδε
633 4156 751 4230 νοευμεν
775 4143 856 4228 ὁμῶς
964 4145 1081 4226 ἀγαθάς
1104 4169 1134 4208 τε
1157 4142 1254 4217 κακός
1278 4168 1307 4207 τε

273 4253 297 4312 δ
322 4257 362 4317 63
387 4255 434 4315 τάν
457 4258 523 4337 περί
546 4251 641 4317 Mooo’
664 4251 795 4341 ἐφίλησε,
820 4253 899 4316 δίδου
923 4250 948 4314 δ’
964 4252 1080 4333 ἀγαθόν
1103 4276 1133 4314 τε
1155 4258 1250 4316 κακόν
1274 4276 1303 4314 τε
1327 4253 1409 4333 (sim.
1435 4255 1555 4329 3231).

274 4360 399 4424 Mutato
435 4382 553 4444 genere
588 4363 799 4447 grammatico
836 4383 965 4426 sensum
1000 4365 1160 4425 mutatum
1196 4383 1264 4426 esse
1296 4365 1447 4442 apparet,
1484 4384 1556 4425 cum

274 4466 451 4550 aequabilis
475 4468 600 4533 sonitus
624 4470 756 4532 auribus
772 4472 918 4533 servatus
934 4466 1061 4553 essee).
1100 4468 1267 4532 Inversum
1283 4489 1411 4551 qnoque
1428 4469 1555 4532 adiecti-

276 4669 277 4682 2
382 4643 402 4712 ¹)
421 4646 553 4702 Formam
571 4644 632 4717 κίχγ
652 4665 702 4716 pro
721 4646 810 4718 κιχάνρ
829 4647 1010 4702 desiderabat
1027 4645 1091 4715 ipsa
1110 4644 1156 4700 lex
1175 4645 1356 4714 pentametri.

382 4731 403 4804 ²)
422 4735 552 4791 Ceterum
582 4737 718 4802 conferas,
747 4753 820 4805 quae
850 4737 885 4792 de
913 4737 965 4790 hoc
994 4751 1074 4790 versu
1101 4733 1177 4790 infru
1201 4734 1354 4803 disputabo
1379 4735 1410 4789 in
1429 4752 1489 4805 cap.
1508 4735 1557 4788 IX.
