3412 5250
136 3353 174 3415 fr.
194 3354 228 3401 13

109 3439 249 3509 πυροφόρος

148 3547 209 3580 πιων

819 332 1032 394 ..44-

282 517 437 602 Apertam
461 520 608 585 mendam
632 519 814 596 violentius,
839 521 964 602 opinor,
993 521 1125 588 sustulit
1147 520 1276 608 Bergk„
1296 545 1367 590 cum
1398 547 1565 603 commen-

283 624 373 689 daret
391 620 459 706 ’τῃς
482 621 559 686 ἄδικ’
582 621 640 686 ἐστὶ
663 619 759 710 φίλα’;
783 626 838 690 sed
862 649 1057 710 quamquam
1080 622 1233 712 ὁμηρικῶς
1259 628 1321 693 hoc
1349 629 1410 694 dici
1432 635 1565 713 poterat

282 765 325 774 —
348 729 394 794 sic
417 731 445 794 A
473 733 534 796 107
558 725 615 792 αἰεί
637 752 679 792 τοι
701 733 738 793 τὰ
761 727 831 792 κοίν’
854 727 913 793 ἐστὶ
936 731 1009 818 φίλα
1031 732 1169 818 legimus
1192 738 1366 800 —tamen
1395 760 1414 801 a
1444 737 1564 802 litteris

281 835 416 921 traditis
435 837 567 922 longius
596 838 724 904 recedit.
772 837 936 902 Facillima
964 839 1198 914 emendatione,
1226 863 1323 924 quam
1351 841 1435 907 idem
1465 847 1565 908 antea

281 946 495 1024 proposuerat
524 943 682 1024 probante
707 943 870 1007 Voemelio
904 965 1037 1028 eamque
1066 944 1196 1010 (lrusius
1226 948 1408 1029 nuperrime
1436 949 1469 1013 in
1492 955 1565 1014 tex·

282 1053 351 1112 tum
381 1048 502 1131 recepit
532 1043 677 1120 ισυνόδοις
701 1097 707 1113 .
734 1104 740 1116 ,
767 1099 774 1114 .
801 1101 807 1114 .
832 1045 949 1134 pellam,
984 1049 1063 1114 mihi
1097 1073 1224 1136 quoque
1260 1053 1338 1118 satis
1370 1060 1502 1120 sanatus
1535 1056 1566 1120 is

282 1155 372 1218 locus
395 1155 535 1221 videtur:
567 1159 693 1238 spectat
722 1155 804 1220 enim
836 1156 877 1220 ad
907 1157 1121 1223 clandestinos
1152 1163 1262 1223 coetus
1293 1143 1436 1227 factiosis
1459 1163 1566 1227 homi-

283 1261 378 1326 nibus
406 1266 518 1346 gratos
548 1268 581 1327 et
610 1266 769 1345 acceptos,
800 1285 882 1348 quos
910 1263 1022 1329 Graeci
1053 1265 1262 1347 appellabant
1292 1263 1435 1351 ἑταιρίας,
1466 1292 1565 1354 qnam

283 1391 392 1434 vocem
422 1370 626 1454 glossematis
654 1371 722 1435 vice
750 1371 881 1436 subesse
910 1373 1055 1454 suspicor
1081 1373 1114 1436 in
1143 1374 1281 1438 lectione
1308 1375 1463 1440 librorum
1494 1375 1565 1442 Ωιι

266 1477 379 1545 vind.
405 1480 423 1543 3
448 1478 657 1563 ,φιλεταίροις’.

391 1615 420 1677 3.
443 1610 624 1697 Singularis
647 1633 799 1676 numerus
829 1595 967 1677 nominis
991 1608 1112 1696 ἀιδρείῃ·
1134 1615 1219 1696 apud
1242 1615 1421 1680 Homerum
1443 1617 1565 1701 legItur

283 1717 386 1783 solum
411 1725 444 1782 in
467 1741 496 1783 ν.
618 1734 621 1742 ·
1155 1705 1156 1708 “

493 1847 515 1910 μ
538 1829 576 1890 41
603 1821 636 1896 tq
659 1847 703 1897 τις
726 1823 839 1909 ἀιδρείῃ
861 1828 977 1910 πελάσῃ
1001 1829 1053 1890 καὶ
1076 1829 1207 1913 φθόγγον
1231 1825 1379 1913 tactem)

283 1937 380 2017 atque
403 1933 437 1996 in
460 1933 569 1997 eadem
593 1933 676 2013 sede,
700 1955 764 2018 qua
787 1935 873 2016 apud
896 1934 1046 2000 Solonem
1070 1935 1103 1998 in

394 2039 433 2104 ir.
458 2037 480 2102 9
505 2064 531 2108 v.
557 2037 579 2103 4
602 2039 697 2125 δῆμος
720 2038 817 2124 ἀιδρίῃ
842 2037 1018 2126 δουλοσόνῃν
1042 2041 1151 2108 ἔπεσεν.

284 2147 445 2211 Pluralem
470 2151 577 2211 autem
601 2147 641 2211 ab
664 2148 721 2212 illo
745 2153 794 2212 ter
818 2153 1008 2231 usurpatum
1026 2129 1169 2215 invenias
1194 2151 1233 2214 cf.
1258 2147 1416 2235 ἀιδρείῃσιν
1440 2157 1471 2228 (a
1488 2156 1563 2228 231,

286 2258 347 2320 251
372 2254 390 2315 λ
415 2256 502 2330 272).
550 2253 730 2336 Quaeritur,
760 2259 867 2320 utrum
898 2256 933 2320 in
960 2257 1022 2322 hoc
1049 2257 1232 2343 fragmento
1262 2255 1358 2340 ἀιδρίῃ
1383 2258 1443 2340 (sic
1465 2259 1565 2323 tradit

283 2361 376 2441 Diod.
402 2360 521 2444 xlxi)
543 2384 587 2425 an
611 2358 723 2445 ἀιδρείῃ
748 2363 806 2441 (ita
829 2363 959 2428 exhibet
983 2365 1117 2429 eundem
1144 2365 1246 2430 locum
1271 2366 1412 2430 eiusdem
1431 2366 1565 2430 Diodori

284 2468 361 2536 Exc.
386 2469 458 2535 Vat.
483 2471 506 2536 t.
523 2468 636 2550 HLp.
662 2473 704 2535 23
727 2471 838 2548 Dind.)
862 2471 1065 2536 scribendum
1089 2472 1140 2539 sit.
1188 2471 1293 2546 Quid?
1326 2472 1432 2536 Etiam
1456 2473 1491 2536 in
1513 2473 1565 2537 bis

284 2575 428 2640 minutiis
452 2575 602 2641 Solonem
633 2578 673 2641 ab
698 2577 840 2644 Homero
870 2580 1009 2661 pendere
1040 2583 1291 2644 consentaneum
1319 2584 1391 2644 est..
1425 2579 1466 2643 Et
1497 2580 1566 2644 eius

285 2682 412 2766 quidem
435 2683 510 2746 libri
532 2683 578 2748 ita
607 2685 776 2762 fluctuant,
808 2691 844 2750 ut
874 2687 1022 2752 meliores
1047 2687 1181 2759 codices,
1212 2709 1293 2770 quos
1316 2691 1477 2752 nostrates
1500 2687 1566 2752 edi-

284 2794 371 2854 tores
399 2789 424 2856 Ι.
449 2789 587 2866 Bellen
615 2791 662 2856 La
692 2792 812 2871 Roclre,
843 2793 953 2870 Cauer,
984 2793 1244 2872 A..Nauclr,.A.
1269 2793 1434 2876 Ludwich,
1462 2794 1565 2874 Faesi,

285 2895 395 2960 Ameis
435 2897 536 2962 secuti
574 2903 660 2980 sunt,
699 2899 819 2964 formas
854 2895 1020 2982 ἀϊδρείῃίσι)
1056 2901 1245 2976 exhibeant,
1263 2947 1264 2953 ι
1282 2902 1455 2966 deteriores
1488 2925 1565 2967 vero

285 3005 419 3068 formam
437 3005 541 3068 vocali
556 3027 570 3065 ε
587 3010 746 3070 carentem
765 3005 872 3089 ἀιδρίῃ,
891 3008 929 3074 cf,
944 3008 1037 3072 sodes
1053 3008 1225 3072 editionem
1237 3009 1283 3072 La
1295 3008 1427 3074 Rocbci.
1467 3009 1567 3073 Miror

285 3112 386 3196 igitur
418 3133 503 3176 meo
521 3112 599 3184 iure,
633 3114 718 3197 quod
748 3113 907 3199 Bergkius
941 3119 1109 3199 utramque
1141 3115 1310 3181 lectionem
1344 3115 1378 3180 in
1408 3121 1566 3197 apparatu

288 3219 397 3283 critico
428 3219 604 3296 adnotavit,
637 3221 825 3286 deteriorem
855 3227 960 3286 autem
993 3221 1026 3286 in
1055 3226 1147 3286 textu
1177 3223 1369 3287 exarandam
1398 3219 1566 3298 curauit&

393 3355 424 3419 4.
449 3353 487 3416 In
512 3353 549 3416 fr.
574 3351 614 3416 13
637 3377 666 3421 v.
691 3353 735 3418 20
758 3355 895 3438 πυθμένα
917 3361 1049 3440 ιιινῃσας,
1073 3365 1127 3441 γῃν
1149 3359 1227 3418 κατὰ
1250 3352 1426 3439 πυροφόρον,

510 3461 548 3524 fr.
573 3459 615 3524 24
638 3484 666 3526 v.
692 3460 712 3524 2
756 3464 808 3524 καί
830 3465 944 3546 χρυσός
965 3465 1017 3525 aori
1040 3473 1096 3547 γῆς
1118 3461 1289 3548 πυροφόρου
1311 3461 1397 3525 πεδία

509 3567 546 3635 fr.
572 3565 611 3631 13
636 3592 664 3634 v.
688 3566 730 3632 23
753 3567 862 3653 λάμπει
885 3565 910 3629 δ’
932 3565 1041 3654 ἠελίοιο
1065 3572 1152 3654 μένος
1173 3573 1251 3632 κατὰ
1274 3565 1359 3633 πίονα
1382 3579 1494 3650 γαῖαν,

287 3674 386 3739 Solon
417 3677 521 3738 terrae
554 3675 634 3739 haec
664 3676 726 3738 duo
758 3675 901 3757 epitheta
932 3699 971 3740 ex
1001 3677 1090 3758 epico
1121 3699 1267 3740 sermone
1292 3681 1420 3760 sumpta
1443 3676 1564 3742 tribuit.

287 3781 435 3864 Namque
460 3803 531 3846 cum
554 3785 721 3866 πυροφόρος
745 3786 880 3863 πυρετοί
903 3783 965 3864 (bis
987 3783 1021 3846 in
1045 3783 1201 3862 clausula)
1224 3783 1257 3846 in
1280 3807 1329 3850 vv.

489 3883 522 3948 Μ
547 3891 610 3952 314
634 3888 727 3948 καλὸν
751 3887 894 3974 φυταλιῆς
915 3891 967 3951 nni
990 3885 1120 3975 ἀροόρῃς
1143 3886 1319 3975 πιιροφόροιο

490 3990 521 4054 Φ
547 3998 610 4059 602
634 3991 689 4080 ἧος
713 3990 728 4056 δ
753 3996 800 4056 τὸν
822 3993 930 4057 πεδίοιο
954 3995 1074 4057 διώκετο
1145 4001 1320 4082 πυροφόροιο
1346 4005 1349 4010 “

497 4098 521 4162 Ξ
548 4106 608 4166 122
632 4097 747 4186 ἀφνειὸν
763 4103 877 4182 βιότοιο,
894 4099 960 4174 ἅλις
975 4101 1008 4164 δέ
1024 4097 1051 4164 oi
1065 4100 1140 4188 ἦσαν
1157 4101 1280 4186 ἄρουραι
1297 4100 1301 4189 l
1319 4100 1480 4188 πυροφόροι

397 4279 502 4346 ¹)pdl
543 4277 771 4349 otopthHJRs

439 4387 453 4418 ιι
474 4369 523 4420 251
545 4365 665 4438 ἀιδρίῃσιν
684 4369 707 4421 Α
729 4370 751 4421 1.
771 4387 807 4423 m.

383 4458 521 4512 anast
597 4500 608 4524 ,
669 4462 706 4536 n
728 4461 749 4512 1.
770 4479 807 4513 m.
829 4460 860 4525 o.

437 4546 524 4600 iam
600 4590 611 4613 ,
685 4550 774 4615 nou
793 4550 885 4617 upon.
905 4550 990 4620 eope.
1012 4551 1087 4616 rso.

395 4631 417 4703 ²)
436 4638 514 4704 Quae
538 4656 601 4693 cum
625 4639 731 4694 dudum
755 4638 941 4708 scripsissem,
969 4641 1062 4697 laetus
1085 4642 1182 4697 inveni
1206 4641 1294 4696 etiam
1320 4639 1449 4694 Orusium
1475 4641 1568 4695 novis-

289 4724 391 4779 simum
411 4726 547 4782 editorem
566 4719 687 4783 formam
706 4724 802 4798 ἀιδρείῃ
820 4728 997 4798 praetulisse.
