3412 5250
92 348 138 414 ιν,
158 345 266 400 οσ--οο

812 334 1032 398 -34.,

392 527 444 592 26.
467 524 587 590 Eadem
626 524 711 590 cadit
748 525 946 591 constructio
984 525 1017 590 in
1050 526 1183 590 verbum
1215 525 1383 610 φράζεσθαι
1419 524 1566 603 Homeri,

285 631 563 718 aucuppdrtectm¹r
591 629 731 708 Solonis,
763 631 795 696 id
827 631 914 716 quod
942 632 983 696 ud
1011 628 1140 703 σύνταξιν
1168 633 1336 717 utriusque
1364 637 1480 714 potitae
1510 632 1566 696 ali·

285 743 441 824 quantum
464 738 570 802 valore
592 736 694 815 video,
719 737 758 802 cf.

339 847 377 910 fr.
389 843 429 910 13
441 869 470 910 v.
484 841 528 908 38
551 839 593 932 ὡς
615 837 699 928 όγτης
720 841 809 922 ἔσται,
834 851 915 906 τουτο
939 849 1145 931 κατερράσατο
1223 903 1224 906 ,

460 948 484 1012 Ξ
508 956 527 1016 3
545 952 670 1037 φράζεο,
694 949 738 1011 διε
760 946 902 1032 Μαχᾶον,
924 946 1006 1022 ’όπως
1028 949 1109 1013 ἔσται
1131 951 1200 1013 τάδε
1222 951 1295 1034 ἔργα

287 1056 367 1145 (sim.
392 1054 417 1119 Υ
444 1063 505 1124 115
530 1081 588 1142 sq.,
613 1053 711 1144 alibi).

393 1203 441 1268 27.
465 1199 598 1266 Duabus
621 1223 659 1264 ex
682 1201 778 1266 rebus
801 1199 961 1282 pertinere
984 1199 1023 1264 fr.
1048 1197 1088 1264 13
1112 1224 1140 1266 v.
1165 1199 1210 1265 49
1233 1218 1286 1282 sq.

553 1305 646 1378 ἄλλος
668 1302 835 1392 Ἀθηναίης
857 1327 888 1369 τε
909 1309 962 1369 καί
983 1302 1148 1394 Ἡφαίστου
1171 1309 1356 1413 πολυτέχνεηι
1374 1305 1378 1395 l
1395 1306 1467 1391 ἔργα
1487 1307 1569 1380 δαεές
1686 1331 1687 1374 ί

287 1416 327 1480 ad
349 1415 489 1497 priscum
512 1415 602 1479 illum
626 1419 732 1480 vatem
756 1415 917 1480 affirmare
942 1437 1006 1480 non
1029 1416 1202 1494 recusabis,
1226 1416 1253 1480 si
1276 1416 1413 1481 intuitus
1437 1416 1499 1479 eris

297 1553 299 1558 ¹
354 1523 386 1586 h.
415 1526 479 1586 lar
546 1530 594 1584 νόν
617 1519 649 1583 δέ
672 1518 707 1583 δι’
726 1517 891 1607 Ἥφαιστον
913 1523 1111 1607 κλυτοτέχνην
1133 1519 1207 1604 ἔργα
1229 1521 1345 1593 δαέντες

354 1629 396 1692 ib.
417 1635 430 1692 1
458 1651 527 1713 sqq.
547 1623 713 1714 Ἥφαιστον
735 1623 911 1714 κλυτόμητιν
934 1627 1039 1705 ἀείδεο,
1063 1625 1173 1692 Μοῦσα
1195 1629 1298 1708 λίγεια,

553 1734 587 1808 ὃς
610 1731 670 1819 μετ’
692 1730 860 1820 Ἀθηναίης
883 1734 1090 1814 γλαυκώπιδος
1112 1732 1213 1815 ἀγλαοί
1235 1739 1324 1798 τέκνα

555 1840 732 1923 ἀνθρώπους
755 1836 885 1911 ἐδίδαξεν
908 1836 954 1902 ἐπὶ
976 1837 1090 1924 χθονός
1114 1891 1255 1909 .....

311 1946 540 2038 1233111611]
555 1947 657 2031 rupa,
679 1948 712 2009 δν
723 1942 891 2035 Ἥφαιστος
906 1946 1007 2010 δέδαεν
1022 1950 1075 2010 καί
1090 1945 1219 2019 Παλλὰς
1233 1945 1353 2036 Ἀθηνη
1379 1946 1382 2036 l
1407 1953 1514 2034 τέχνην
1537 1969 1569 2014 π.

449 2076 466 2116 υ
491 2059 531 2122 12
554 2059 645 2137 αὲργα
669 2051 694 2115 δ’
720 2051 869 2138 Ἀθηναίη
893 2051 979 2116 δέδαε
1003 2053 1096 2118 κλυτὰ
1117 2056 1316 2138 κεργάζεσθατ

290 2160 485 2241 Volcanus²)
512 2161 615 2246 igitur
641 2161 730 2226 audit
758 2160 838 2226 locis
863 2159 1051 2238 Homericis
1081 2183 1162 2246 quos
1186 2162 1338 2244 excerpsi,
1368 2161 1569 2246 κλυτοτέχνης

290 2267 471 2353 (quinquies
505 2266 534 2328 A
566 2269 625 2332 511
663 2261 685 2328 Σ
719 2269 790 2343 143,
827 2269 888 2332 391
926 2266 949 2326 θ
981 2270 1045 2332 286
1080 2265 1111 2331 h.
1151 2264 1240 2352 ma),
1276 2268 1353 2332 alibi
1387 2268 1569 2353 κλυτόμητις
1691 2234 1692 2272 ³

290 2373 333 2461 (h.
361 2371 440 2460 19,1)
475 2373 525 2437 vel
559 2373 753 2454 ulorofeputc
786 2368 820 2458 (θ
844 2369 928 2459 345),
974 2373 1135 2459 πολίμητις
1168 2396 1243 2439 vero
1276 2375 1375 2440 semel
1407 2371 1449 2459 (Φ
1474 2372 1567 2459 355);
1692 2433 1693 2440 ,

290 2504 389 2565 quare
417 2480 621 2563 perspicuum
652 2484 700 2543 est
723 2477 875 2544 Solonem
904 2480 1140 2564 aliquantulum
1171 2503 1305 2546 novasse
1329 2489 1362 2546 et
1384 2481 1569 2566 πολυτέχνης

291 2588 540 2653 contaminando
565 2586 789 2668 composuisse.

397 2732 449 2795 28.
474 2730 502 2792 Α
531 2729 632 2794 Musis
660 2727 807 2796 homines
835 2733 921 2792 artes
949 2729 1091 2814 fingendi
1120 2735 1153 2794 et
1180 2731 1315 2796 canendi
1343 2737 1379 2796 ut
1408 2731 1492 2796 dona
1516 2754 1568 2796 ac-

290 2836 394 2918 cipere
419 2841 451 2900 et
474 2835 607 2900 Homeri
630 2834 739 2918 opinio
763 2842 842 2911 erat,
866 2834 937 2899 vide

414 2943 438 3003 θ
462 2947 522 3007 481
550 2939 637 3025 οἴμας
670 2937 762 3004 Mouo’
784 2937 905 3018 ἐδίδαξε,
930 2941 1036 3027 φίλησε
1059 2941 1091 3002 δὲ
1114 2954 1206 3028 ponor
1230 2947 1335 3006 οἰοιδων

400 3050 443 3116 ib.
469 3053 533 3115 488
556 3043 769 3132 ἢσέγεΜο5σ’
792 3043 914 3127 ἐδίδαξε,
938 3044 1009 3119 Διὸς
1030 3057 1107 3127 παῖς,
1131 3046 1151 3134 ἢ
1175 3053 1209 3111 σέ
1231 3047 1256 3130 γἹ
1278 3048 1436 3116 Ἀπόλλων

291 3163 323 3222 et
346 3155 492 3236 Solonis·
508 3155 578 3219 vide
1438 3164 1440 3168 '

341 3265 379 3328 fr.
393 3262 434 3328 13
445 3288 475 3329 ν.
489 3261 529 3328 tl
553 3261 647 3335 ἄλλος
669 3259 874 3348 Ὀλυμπιάδων
898 3258 1040 3324 Μουσέων
1063 3266 1146 3346 παρὰ
1169 3263 1251 3346 δῶρα
1273 3262 1437 3350 διδαχθείς.

292 3373 402 3455 ίίοηοε
431 3394 496 3436 non
527 3375 585 3447 est,
615 3392 671 3433 cur
699 3369 853 3454 Harlung
880 3348 1035 3454 διδαχθείς
1063 3371 1096 3434 iu
1125 3369 1258 3432 δέδεκται
1287 3371 1476 3439 eorrexerit.
1506 3371 1567 3435 nisi

292 3479 377 3564 quod
400 3477 604 3560 participium
628 3476 775 3540 absolute
798 3477 939 3560 posilum
970 3477 1088 3542 evitare
1117 3477 1235 3541 voluit:
1266 3476 1355 3542 cuius
1384 3477 1564 3544 liberiorem

291 3610 381 3652 usum
407 3585 526 3667 optime
550 3581 709 3668 Bergkius
733 3581 964 3646 demonstravit
987 3583 1131 3648 adhibito
1156 3581 1316 3668 Odysseae
1340 3606 1368 3646 v.
1393 3581 1412 3644 λ
1436 3587 1510 3651 006.

398 3733 449 3798 29.
471 3728 541 3796 Νοο
564 3747 639 3792 vero
663 3724 769 3790 minus
792 3724 917 3789 initium
943 3745 1038 3807 quom
1063 3724 1167 3789 exitus

341 3839 379 3906 fr.
393 3835 433 3902 13
445 3860 473 3905 ν,
488 3833 532 3900 54
553 3831 626 3914 ἐ’γνω
650 3829 674 3892 δ’
697 3828 780 3914 ἀνδρὶ
804 3833 897 3894 κακόν
919 3833 1044 3916 τηλόθεν
1067 3829 1226 3916 ἐρχόμενον

291 3969 310 4010 a
338 3955 463 4014 summo
491 3940 633 4010 omnium
663 3944 844 4020 temporum
873 3943 969 4020 poeta
997 3940 1087 4020 spico
1117 3945 1280 4020 profectus
1313 3945 1370 4006 est.
1419 3939 1501 4004 Nam
1535 3945 1568 4002 et

291 4051 462 4137 aliquoties
490 4041 612 4128 ἔγνωθ’
638 4045 672 4110 in
700 4044 804 4128 prima
833 4044 907 4110 sede
935 4067 1082 4112 versuum
1113 4047 1467 4125 νο1υ1ε4441390,
1493 4052 1565 4120 411,

293 4164 355 4224 615
385 4181 409 4220 ω
437 4161 495 4242 102
526 4152 704 4218 invenimus
734 4154 766 4214 et
795 4151 956 4215 clausulae
985 4151 1112 4236 τηλόθεν
1141 4148 1301 4237 ἐρχόμενον
1330 4153 1487 4237 originem
1512 4154 1566 4218 de-

292 4265 389 4330 ducas
413 4288 431 4328 a
456 4287 504 4328 vv,

290 4389 502 4401 ,p—...a-

203 4521 211 4534 ,
230 4461 250 4539 ’,
364 4463 383 4527 ¹)
401 4478 541 4529 nusquam
560 4458 589 4511 in
608 4452 725 4510 Homeri
744 4453 916 4507 carminibus
936 4457 1058 4508 exstans.

138 4539 175 4612 ''1''
194 4589 209 4634 ⁸.
224 4563 247 4584 ·‘
361 4551 383 4620 ²)
401 4552 543 4608 Volcanus
562 4551 591 4602 et
611 4545 738 4600 Minerva
756 4561 813 4597 unu
832 4547 1034 4599 enumerantur
1052 4548 1200 4614 praeterea
1218 4546 1247 4599 in
1267 4545 1364 4600 Iliadis

384 4641 404 4692 0
422 4641 475 4695 913
493 4658 533 4708 rq.
553 4634 638 4706 αἴτιον
657 4631 716 4685 ἄνευ
735 4631 825 4700 ἐμέθεν
842 4630 885 4686 καὶ
903 4627 1049 4702 ’Δθηναὶης
1069 4632 1188 4704 ἀγελείης

551 4728 636 4800 Ἥρης
649 4726 676 4781 θ’
685 4719 793 4789 Ἑρμείω
806 4735 831 4772 τε
843 4719 886 4772 καί
903 4719 1046 4792 Ἡφαίστοιο
1064 4723 1196 4788 ,τόναιιτος
