3412 5250
680 369 898 430 ..χχῳ

144 558 156 622 l
185 566 222 626 11
250 559 275 622 Ο
300 563 363 626 660
389 583 412 622 ω
437 565 497 626 441
529 525 709 644 similiaque
739 563 827 626 velut
851 557 933 643 ἀνδρὶ
954 563 1088 642 ἱεκάοτῳ
1112 565 1144 625 et
1167 569 1250 646 φῶτα
1272 563 1425 626 κέκαοτον,
1453 611 1454 616 ,

1455 363 1577 430 ·11‚ae

144 668 229 734 Nam
254 668 300 732 eis
322 667 411 746 locis,
435 667 552 752 quibus
583 668 725 733 divinum
758 669 884 750 epicum
913 672 1042 749 potitam
1076 689 1140 732 non
1164 667 1342 732 aemulatus
1366 673 1425 744 est,
1492 729 1494 732 ,

143 775 267 839 scilicet
289 774 323 839 in
348 774 387 837 ir.
415 777 480 849 lla
510 777 594 853 13‚as
621 801 646 840 a
669 803 701 841 ar
727 775 807 839 illud
830 790 849 840 J
870 774 1070 856 pronominis
1093 771 1219 843 ἕκαστος
1242 775 1424 858 neglectum

144 904 214 947 esse
254 880 458 946 manifestum
499 884 557 944 est.
612 880 757 945 Ceterum
798 881 884 962 apud
921 879 1071 946 Solonem
1110 902 1184 945 raro
1222 880 1426 965 digammatis

147 989 283 1073 vestigia
313 993 438 1052 exstare
472 992 694 1072 cognoverunt
723 1010 793 1052 oum
822 987 876 1051 alii
904 991 972 1052 tum
1000 985 1100 1052 Flach
1131 987 1235 1068 (Bezz.
1261 986 1359 1055 Beitr.
1383 988 1425 1052 ll.

145 1119 178 1178 p.
204 1099 245 1160 58
269 1097 362 1180 sqq.),
408 1093 496 1157 Idem
520 1099 606 1158 recte
635 1094 788 1158 admonet
817 1093 854 1158 de
884 1093 976 1158 hiatu
1000 1092 1032 1155 δέ
1055 1088 1082 1155 οἱ
1104 1094 1137 1158 in
1160 1117 1254 1160 versu
1278 1099 1308 1174 4,
1332 1117 1427 1180 quem

145 1201 250 1284 potitis
281 1201 376 1265 licere
408 1200 625 1264 Hoffmanuus
660 1200 822 1284 quoque1)
856 1200 997 1266 affirmat
1028 1201 1165 1265 intuitus
1200 1200 1322 1266 Archil.
1357 1205 1424 1280 aaa

81 1323 83 1328 ’
146 1314 179 1373 et
204 1313 284 1384 tia.

254 1435 306 1499 29.
328 1430 437 1496 Unum
461 1431 546 1516 quod
572 1435 677 1495 exstat
701 1453 829 1496 carmen
852 1431 988 1515 lyricum
1012 1453 1067 1496 seu
1093 1433 1183 1516 μέλος
1207 1431 1293 1497 huno
1313 1455 1428 1516 parum
1544 1488 1547 1493 .

148 1539 253 1604 adhuc
276 1537 460 1620 expeditum
485 1538 591 1602 locum
615 1537 745 1602 exhibet

146 1671 175 1712 v.
189 1645 210 1710 2
233 1647 275 1730 μὴ
290 1647 419 1728 κρυπτὸν
433 1641 525 1728 ἔγχος
540 1642 619 1728 ἔχων
634 1643 742 1727 κραδίῃ
760 1643 818 1726 (sic
831 1644 905 1708 libri
918 1649 950 1708 et
964 1645 1157 1710 novissimus
1169 1645 1272 1710 editor
1285 1645 1428 1729 drusius)

238 1753 280 1836 μὴ
295 1753 421 1834 κρυπτὸν
436 1747 515 1836 ἔχων
531 1750 621 1835 ἔγχος
636 1771 683 1833 ap.
709 1751 767 1831 (sic
782 1750 892 1836 Bergk
915 1751 1080 1816 metricam
1103 1753 1135 1817 ni
1154 1753 1251 1818 t'allor
1271 1753 1430 1818 rationem

634 1925 636 1932 ,
695 1894 696 1898 =
791 1857 932 1942 secutus)

239 1968 280 2050 μὴ
296 1959 423 2049 κρυπτὸν
438 1961 517 2049 ἔχων
534 1961 630 2048 ἔχθος
646 1983 692 2047 κρ.
718 1965 776 2047 (sic
800 1964 953 2050 Hartuug
976 1988 1013 2030 ex
1037 1966 1244 2052 coniectura).

149 2092 193 2156 Et
215 2091 379 2174 Hartungi
403 2089 530 2173 quidem
556 2089 725 2154 lectionem
749 2111 787 2155 ex
811 2090 1006 2156 editionibus
1032 2091 1192 2156 veteribus
1213 2096 1374 2176 sumptam
1399 2097 1431 2157 et

149 2221 264 2282 parum
286 2196 486 2280 probabilem
510 2201 546 2260 ut
568 2218 839 2279 supervacaneam
862 2197 1053 2263 reiciendum
1083 2219 1217 2277 censeo;
1248 2200 1366 2265 etenim
1397 2200 1431 2264 in

150 2311 290 2371 mentem
319 2303 398 2368 mihi
428 2303 517 2368 veuit
548 2325 659 2368 versus
682 2303 855 2386 Sophoclei
883 2303 920 2370 0.
945 2304 985 2372 R.
1013 2309 1074 2370 169
1099 2327 1180 2390 sqq,
1204 2305 1260 2370 ubi
1283 2303 1431 2392 ppovcdtoc

149 2413 241 2499 ἔγχος
274 2411 491 2478 translato
523 2435 620 2478 sensu
650 2413 688 2478 de
717 2419 823 2478 mente
854 2415 954 2496 pestis
981 2414 1124 2496 pericula
1150 2415 1432 2498 propulsante

150 2525 334 2604 usurpatur.
381 2519 474 2596 Quod
497 2524 604 2586 autem
628 2519 788 2606 Bergkius
812 2521 910 2586 verba
942 2521 1084 2586 codicum
1117 2521 1318 2604 transposuit
1341 2519 1433 2605 (ἔχων

150 2627 266 2712 ἔγχος),
298 2649 359 2713 ego
383 2648 511 2714 quoque
534 2627 701 2710 astipulor,
730 2627 757 2692 si
781 2627 908 2712 quidem
934 2629 994 2692 hac
1017 2651 1050 2708 re
1080 2651 1232 2693 numerus
1255 2627 1431 2710 anapaesti,

151 2758 246 2820 quem
284 2757 395 2800 versus
433 2734 628 2799 antecedens
667 2734 776 2814 habet,
816 2735 890 2801 huic
930 2756 1058 2820 quoque
1096 2733 1201 2801 versui
1239 2737 1431 2802 restituitur.

152 2840 353 2926 Quamquam
386 2841 472 2924 apud
496 2839 673 2905 Homerum
706 2863 771 2906 nou
795 2841 858 2906 nisi
881 2839 970 2926 ἔγχος
992 2841 1070 2928 ἔχων
1098 2843 1188 2907 iuxta
1219 2844 1361 2926 positum
1384 2845 1433 2907 in-

152 2949 262 3014 venias
286 2954 334 3030 rut
357 2943 389 3008 Φ
414 2951 477 3013 393
502 2943 532 3008 Π
558 2951 621 3014 734
645 2943 751 3015 Ptol
776 2953 851 3032 962
876 2970 892 3010 ο
912 2950 998 3030 145),
1022 2947 1101 3034 ἔχων
1124 2947 1214 3034 ἔγχος
1237 2954 1344 3016 autem
1368 2973 1433 3016 non

86 3125 88 3130 ,
152 3057 215 3122 nisi
238 3057 394 3121 vocabulo
419 3057 527 3142 aliquo
551 3056 754 3138 interposito,
779 3061 815 3120 ut
839 3057 1042 3122 notissimum
1058 3057 1137 3122 illud
1153 3055 1231 3142 ἔχων
1248 3056 1434 3144 δολιχόσκιον

151 3161 243 3247 ἔγχος
278 3159 322 3246 (Φ
354 3163 438 3249 139).
486 3161 520 3229 Si
557 3161 658 3248 igitur
695 3163 764 3227 iure
798 3163 959 3248 Bergkius
997 3165 1091 3228 metri
1130 3187 1225 3230 causa
1263 3167 1433 3231 verborum

153 3270 297 3336 ordinem
321 3271 463 3338 invertit,
487 3269 551 3335 hoc
573 3270 620 3333 ita
643 3268 877 3334 defendendum
902 3275 960 3348 est,
985 3277 1022 3335 ut
1044 3294 1174 3337 censeas
1189 3272 1338 3338 librarios
1354 3293 1435 3337 sono

154 3376 399 3441 Homericorum
424 3375 514 3460 ἔγχος
537 3374 616 3461 ἔχων
639 3376 820 3458 permulsos
844 3377 972 3442 Solonis
996 3401 1107 3443 vocem
1129 3379 1327 3444 immutasse.

704 3623 786 3709 Gap.
809 3625 884 3692 111.

255 3766 307 3833 Ile
330 3767 420 3834 locis
439 3767 590 3850 'paulum
614 3767 829 3834 othomari
852 3769 1015 3852 exemplo
1040 3768 1336 3853 discrepantibus.

264 3946 388 4011 Afferre
416 3946 479 4010 iam
510 3947 588 4012 mihi
616 3947 712 4012 liceat
741 3947 870 4014 Solonis
898 3949 1079 4015 locutiones
1108 3971 1241 4032 prorsus
1269 3951 1334 4015 fere
1367 3971 1438 4014 cum

157 4052 336 4118 Homericis
361 4057 587 4138 congruentes,
612 4077 694 4138 quae
710 4054 823 4119 iisdem
839 4056 1005 4121 vocabulis
1022 4055 1150 4140 quidem
1167 4061 1337 4122 contextae
1353 4061 1439 4136 suut,

158 4161 212 4224 sed
250 4160 317 4225 sive
356 4179 395 4224 ex
424 4165 528 4226 metro
559 4162 635 4242 sive,
672 4162 758 4246 quod
792 4164 954 4226 sententia
988 4185 1026 4226 ac
1060 4163 1209 4227 materies
1243 4163 1440 4246 postulabat,

158 4268 290 4332 mutatis
319 4267 467 4331 flexionis
496 4268 623 4332 casibus
656 4260 722 4332 siv'e
755 4290 794 4332 ex
829 4269 892 4333 alia
927 4291 1023 4334 causa
1059 4269 1167 4353 aliqua
1200 4271 1368 4352 paululum
1401 4271 1440 4335 ab

158 4375 212 4438 illo
237 4374 397 4439 differunt.
448 4373 515 4438 Has
547 4397 679 4440 numero
711 4376 764 4440 vix
796 4376 880 4440 infra
913 4377 1058 4458 exempla
1090 4376 1206 4460 prioris
1235 4377 1349 4460 capitis
1373 4400 1442 4443 esse

159 4487 216 4562 pat
236 4487 260 4546 t.

177 4610 188 4613 -
197 4609 374 4620 ψ-..μη-η-

268 4677 288 4743 ¹)
307 4678 337 4734 0.
366 4678 527 4742 Hoffmann,
556 4677 602 4734 die
628 4677 819 4747 griechischen
848 4677 975 4734 Dialecte
1004 4677 1032 4733 in
1063 4679 1152 4735 ihrem
1181 4680 1369 4736 historischen
1397 4681 1446 4734 Zu-

160 4766 389 4840 sammenhange,
409 4771 429 4822 t.
450 4768 494 4822 Ill
513 4785 540 4837 p.
560 4766 621 4819 535.

1400 4877 1416 4930 2
