3412 5250
8 4791 13 4820 l

704 418 895 480 ..5-

152 615 268 693 politae
302 609 494 676 Atheniensi
533 610 673 674 carmina
713 612 917 692 componenti
956 633 1067 676 versus
1103 611 1292 678 Homericos
1302 613 1326 688 1)
1361 635 1434 678 seu

154 716 340 781 consulto
364 739 435 781 seu
459 738 539 780 non
564 717 752 801 cogitate
776 739 845 781 esse
869 717 1065 786 obversato's

261 821 309 888 Ac
340 823 478 905 primum
509 823 638 908 quidem
666 829 699 888 et
729 825 999 906 simplicissimum
1028 847 1132 910 genus
1161 827 1352 892 imitationis
1376 832 1434 905 est,

153 930 240 1014 quod
276 930 371 995 modo
406 953 504 1012 supra
538 930 801 1013 memoravimuS,
837 931 864 996 si
894 933 1023 997 eaedem
1053 933 1175 998 formae
1207 934 1334 998 trium
1366 935 1435 999 vel

152 1037 330 1119 plurium
354 1037 637 1102 vocabulorum
660 1037 694 1102 in
718 1038 828 1103 eadem
851 1061 1001 1104 versuum
1019 1041 1093 1104 sede
1110 1063 1128 1103 a
1144 1040 1321 1105 recentiore
1342 1061 1434 1105 usur-

152 1149 273 1224 pantur
300 1148 407 1226 poeta.
455 1141 548 1218 Quod
576 1166 649 1210 raro
678 1144 820 1209 accidere
848 1145 881 1209 in
914 1147 1109 1211 carminibus
1140 1146 1208 1211 eius
1234 1147 1352 1230 (vatis),
1384 1149 1433 1212 cui

153 1249 280 1333 quidem
304 1249 506 1334 aliquantum
529 1250 680 1332 propriae
702 1251 821 1316 indolis
844 1251 1013 1336 innatique
1035 1253 1158 1338 ingenii
1181 1253 1275 1334 inest,
1306 1255 1433 1339 qualem

152 1379 220 1421 esse
236 1356 387 1422 Solonem
411 1377 504 1421 nemo
525 1356 727 1437 infitiabitur,
752 1358 785 1422 in
801 1359 973 1440 propatulo
990 1364 1049 1425 est.
1085 1359 1168 1425 Nam
1186 1361 1288 1426 multo
1300 1363 1433 1444 saepius

152 1465 268 1543 evenit,
292 1469 329 1529 ut
351 1463 467 1529 binae
491 1486 615 1530 voces
643 1487 700 1531 seu
731 1467 862 1530 nomina
892 1489 948 1533 seu
975 1467 1258 1532 verba'iterentur
1281 1469 1376 1554 idque
1395 1470 1430 1534 in

151 1571 323 1653 paribus
346 1575 387 1636 et
409 1571 645 1656 insignibus
669 1595 855 1639 versuum
886 1575 1088 1657 partibuS,
1117 1575 1151 1640 in
1179 1576 1316 1641 exordiis
1346 1577 1433 1642 vide-

150 1679 226 1743 licet
258 1682 314 1744 aut
341 1678 375 1743 in
407 1678 573 1756 clausulis;
608 1679 639 1742 id
673 1680 758 1764 quod
789 1681 968 1746 imitatione
997 1687 1102 1747 crtum
1136 1703 1206 1748 esse
1239 1705 1332 1748 nemo
1367 1705 1432 1748 non

149 1785 319 1869 intellegit.
367 1783 449 1860 Quid
473 1785 580 1850 enim?
612 1786 747 1869 quilibet
777 1787 876 1852 homo
898 1787 1040 1853 Graecus
1068 1811 1132 1854 non
1160 1789 1358 1866 illitteratus,
1383 1791 1431 1855 in·

149 1891 259 1974 primis
275 1891 494 1971 Atheniensis,
517 1892 572 1977 qni
596 1892 713 1967 summi
734 1900 849 1975 podiae
870 1895 1011 1960 carmina
1030 1901 1087 1960 aut
1102 1900 1172 1962 tota
1188 1901 1244 1961 aut
1262 1899 1430 1964 maximam

149 2005 275 2081 partem
298 1999 452 2064 memoria
475 2001 617 2081 tenebat,
642 2023 714 2066 cum
731 2002 800 2084 ipse
816 2003 856 2067 ad
872 2009 1022 2086 poemata
1037 2005 1210 2090 pangenda
1226 2005 1430 2086 procedebat,

149 2107 352 2189 splendidum
382 2106 510 2172 initium
541 2113 598 2172 aut
630 2109 775 2174 vocalem
805 2111 979 2176 clausulam
1013 2119 1142 2194 captare
1173 2113 1311 2192 solebat,
1345 2112 1431 2195 quod

150 2214 332 2280 acutissime
369 2214 533 2280 audiebat:
571 2237 675 2300 neque
709 2215 823 2281 melius
857 2218 1029 2303 quicquam
1050 2219 1113 2291 ‚illa
1147 2225 1253 2284 aetate
1287 2220 1430 2301 prolerre

148 2326 277 2404 poterat
300 2343 395 2405 quam
420 2321 574 2386 formulas
597 2323 638 2386 ab
662 2322 805 2388 Homero
829 2330 987 2402 sacratas3
1022 2327 1097 2409 quin
1129 2327 1224 2391 etiam
1256 2326 1429 2390 nonnullas

149 2427 249 2492 menti
272 2427 318 2492 ita
342 2428 559 2507 mandaverat,
589 2433 626 2494 ut
648 2433 765 2513 sponte
789 2431 818 2495 ei
841 2431 892 2496 vel
920 2433 1128 2514 necopinanti
1154 2437 1283 2515 praesto
1312 2437 1428 2498 essent.

147 2534 312 2600 Interdum
328 2540 435 2600 autem
452 2535 490 2600 de
506 2535 666 2610 industria
683 2533 829 2623 ὁμηρὶζειν
846 2539 1007 2618 studebat,
1025 2545 1061 2604 ut
1077 2541 1166 2605 suavi
1183 2563 1262 2605 sono
1280 2544 1429 2604 notorum

148 2641 377 2707 versiculorum
412 2643 612 2708 audientium
646 2643 770 2708 animoa
808 2647 1030 2727 permulceret.
1078 2647 1290 2712 Clausulas
1329 2646 1429 2731 igitur

149 2771 214 2813 non
245 2749 351 2814 minus
384 2771 480 2832 quam
512 2751 670 2815 exordia
698 2774 880 2818 versuum
914 2754 1050 2838 vestigia
1080 2755 1222 2844 produnt
1245 2753 1427 2831 imitatoria,

149 2855 267 2940 quippe
291 2879 373 2940 quae
396 2856 532 2922 maxime
555 2857 588 2922 in
609 2858 762 2923 memoria
779 2864 810 2923 et
825 2865 940 2941 potitae
957 2867 989 2924 et
1005 2861 1203 2926 audientium
1219 2860 1427 2926 inhaeserint.

149 2961 219 3038 Qua
242 2966 275 3026 in
299 2963 388 3028 reid
411 2965 614 3045 potissimum
638 2966 849 3047 spectandum
874 2988 999 3042 censeo,
1028 2991 1068 3032 ne
1093 2968 1168 3032 bina
1192 2969 1248 3034 illa
1272 2967 1429 3034 vocabula

147 3069 315 3134 tritissima
342 3075 374 3134 et
402 3071 612 3136 usitatissima
640 3073 797 3137 sermonis
826 3074 970 3160 vulgaris
1000 3077 1076 3155 sint,
1104 3076 1159 3140 sed
1187 3075 1329 3140 habeant
1352 3075 1429 3138 ali-

148 3176 237 3260 quid
266 3177 451 3258 ponderis
478 3191 515 3243 et
542 3181 747 3255 momenti.
794 3180 894 3245 Velut
924 3177 997 3264 αἶψα
1026 3185 1082 3265 γάρ
1107 3184 1155 3260 (fr.
1182 3179 1241 3268 λε)
1270 3183 1302 3246 in
1326 3183 1430 3264 primo

148 3304 241 3347 versu
264 3283 305 3347 ad
328 3283 505 3349 Homerum
530 3285 642 3350 referri
665 3309 759 3369 posse
784 3288 1020 3366 affirmaverim,
1045 3290 1099 3354 aed
1122 3291 1298 3372 particulas
1316 3284 1350 3351 ci
1373 3293 1430 3371 γάρ

149 3385 204 3476 (fr.
229 3393 288 3470 tia,
312 3390 390 3456 item
414 3391 446 3457 N
471 3396 523 3470 89,
550 3397 612 3459 714
637 3391 709 3478 etc.)
738 3394 771 3458 in
795 3395 899 3475 prima
922 3396 996 3459 sede
1019 3397 1142 3478 positas
1166 3419 1234 3461 esse
1259 3397 1429 3461 fortuitum

148 3496 337 3564 existimem.
384 3497 539 3564 Similiter
567 3495 693 3585 ‘dracho
717 3497 800 3585 ἀνήρ’
832 3501 953 3583 pariter
983 3503 1121 3566 occurrit
1144 3504 1229 3585 apud
1253 3503 1428 3567 Homerum

148 3604 270 3685 (c196l
294 3627 332 3670 ac
355 3604 505 3671 Solonem
531 3606 716 3687 (lr.13,ae):
742 3607 797 3671 sed
818 3607 880 3672 hoc
904 3629 983 3672 casu
1003 3608 1123 3672 factum
1149 3631 1217 3674 esse
1241 3632 1429 3692 persuasum

146 3710 314 3776 habemus.
360 3713 486 3777 Dixerit
509 3717 615 3777 autem
641 3713 758 3798 aliquis
773 3713 857 3778 idem
874 3715 986 3779 cadere
1006 3715 1039 3778 in
1053 3711 1162 3798 ‘caepa
1177 3712 1318 3794 iauscou’,
1343 3717 1429 3800 quod

147 3821 252 3882 exstat
275 3819 309 3882 in
332 3820 370 3884 fr.
397 3823 481 3898 42‚1:
515 3819 592 3882 trita
620 3820 705 3884 enim
736 3842 805 3885 esse
832 3821 896 3885 ista
923 3823 1095 3898 vocabula;
1125 3829 1159 3888 at
1186 3824 1248 3888 hoc
1278 3824 1372 3888 aliter
1395 3846 1428 3888 se

147 3925 258 3994 habet:
284 3926 392 3990 hiatus
416 3926 498 3990 enim
524 3932 600 3991 ante
622 3949 802 4009 pronomen
819 3924 964 4003 ,ἕκαστος’
979 3931 1178 4011 observatus,
1203 3931 1305 4016 quiin
1321 3931 1428 3997 locum

147 4031 300 4116 digammi
316 4032 479 4126 Homerici
496 4035 666 4116 (siccome)
683 4035 847 4115 successit,
871 4037 950 4100 satis
969 4039 1077 4120 prodit
1093 4038 1230 4124 vestigia
1245 4038 1426 4104 imitatoris.

145 4139 363 4224 igitur'etiam
387 4161 431 4203 ex
455 4162 520 4220 usu
543 4140 760 4222 priscarum
782 4125 951 4228 linguae
974 4145 1197 4224 formarum,
1222 4167 1303 4228 quas
1319 4169 1428 4211 aemu-

145 4244 258 4309 latoris
282 4252 372 4310 aetas
396 4247 514 4310 dudum
538 4247 689 4322 abolevit,
714 4249 896 4317 noscitur
918 4250 1107 4316 imitatio.

160 4336 161 4340 ¹
252 4352 428 4438 Aliquanto
468 4353 628 4420 difficilius
663 4356 724 4426 erit
762 4357 894 4434 docere,
933 4362 1093 4444 quatenus
1111 4395 1114 4401 Δ
1132 4359 1292 4424 recentior
1330 4366 1426 4442 polita

144 4457 283 4539 pendeat
306 4481 325 4523 a
347 4460 532 4535 vetustiore,
562 4461 589 4526 si
617 4462 711 4527 nobis
735 4463 862 4529 obviam
885 4465 970 4530 flunt
993 4466 1134 4531 eadem
1158 4466 1286 4551 quidem
1309 4489 1427 4532 voca·-

144 4563 250 4636 bula,
284 4565 339 4630 sed
370 4567 401 4632 si
427 4567 508 4633 haec
537 4573 594 4632 aut
626 4569 660 4633 in
693 4569 756 4634 alia
784 4592 895 4636 versus
925 4572 999 4638 sede
1027 4573 1134 4656 positi
1158 4578 1215 4638 aut
1238 4574 1301 4638 alia
1323 4575 1428 4640 forma

140 4795 144 4800 ¹
250 4724 273 4793 ¹)
292 4727 485 4800 Respiciamus
508 4729 617 4786 scilicet
644 4729 731 4784 etiam
757 4731 877 4800 hymnos
901 4735 930 4788 et
954 4733 1171 4804 epigrammata,
1196 4752 1269 4803 qnae
1293 4735 1427 4792 dicuntur

144 4815 301 4872 Homerica.
