3412 5250
661 353 882 416 ..33-

309 539 342 604 Ψ
368 539 539 608 lim-donov
563 542 662 628 ἐπεῖχε
685 541 779 628 νὲιως,
804 548 846 631 μὴ
869 549 1044 632 πρὶνιμὲνος
1066 543 1176 632 ἠελίοιο

10 718 14 731 Ι
321 669 341 710 τι
367 653 430 715 160
452 653 612 735 πιόμενος·
642 650 679 736 δὴ
709 655 766 734 γάρ
794 672 841 737 μιν
868 651 936 738 ἔχεν
960 657 1047 738 μένος
1068 650 1178 738 ἠελίοιο

10 740 20 791 “·
136 754 185 834 (ιι.
210 755 241 820 n.
266 753 329 837 Ap.
354 752 415 843 (Ρ.)
440 761 513 836 eu,
539 754 623 842 οτι).
973 747 976 753 ’

240 936 293 1000 24.
318 933 525 1000 Exordium
555 958 665 1000 versus
694 936 824 1002 Solonei
855 959 925 1002 cum
955 937 1118 1004 Homerici
1147 961 1259 1004 versus
1291 940 1411 1004 exitu

10 1040 18 1084 ³·
136 1063 311 1127 congruere
335 1042 493 1106 cernimus
515 1043 550 1106 in

204 1166 244 1234 fr.
269 1163 310 1229 13
333 1190 362 1231 v.
387 1164 427 1232 27
452 1161 505 1228 odei
530 1163 555 1226 δ’
578 1161 613 1228 od
636 1163 651 1228 ἑ
673 1163 787 1252 λέληθε
811 1167 978 1252 διαμπερές,
1002 1165 1081 1242 ὅστις
1103 1126 1220 1254 οἰλιτρόν
1369 1251 1370 1255 ¹

8 1349 21 1366 Ι.
307 1269 341 1334 Ψ
366 1277 428 1338 323
452 1269 499 1336 ἀεὶ
521 1268 601 1357 τέρμ’
624 1268 716 1356 ὁρόων
740 1277 855 1360 στρέφει
878 1271 1011 1356 ἐγγίιθεν,
1033 1272 1101 1338 οὐδὲ
1123 1273 1138 1338 ἑ
1161 1278 1250 1363 λήθει

14 1380 19 1392 ’
67 1479 70 1482 ¹
137 1395 215 1483 (sim,
250 1400 366 1463 Aeol
401 1394 434 1459 Ψ
459 1395 544 1484 648).
591 1397 640 1464 Sit
671 1421 748 1464 sene
780 1399 935 1464 traditum
965 1401 1049 1482 opud
1082 1400 1233 1466 Solonem
1267 1399 1328 1464 οὔτι
1362 1401 1414 1468 vel

7 1487 9 1564 f
137 1501 210 1585 οὔτε,
234 1510 343 1569 temen
367 1505 490 1587 optimo
512 1505 581 1576 iure
605 1506 812 1571 Hermennus
835 1501 869 1568 oti
892 1503 907 1568 ἑ
931 1507 1115 1573 coniectura
1138 1509 1239 1572 nitide
1254 1510 1412 1576 restitnit:

14 1652 21 1682 ι
137 1612 254 1678 etenim
278 1611 387 1677 hiatus
410 1607 444 1674 οὔ
467 1608 491 1672 ἑ·
506 1611 657 1696 digammi
681 1612 748 1676 vioe
770 1612 912 1698 fungens
935 1613 1068 1678 olibrio,
1092 1615 1232 1697 optimae
1252 1615 1326 1680 fidei
1349 1623 1414 1681 tra-

138 1720 222 1784 ditur
245 1723 282 1783 ut
304 1719 400 1783 lectio
424 1719 632 1784 Aristarchea
655 1724 795 1784 testante
819 1719 956 1804 Didymo
980 1722 1020 1785 ad
1044 1745 1071 1786 v.
1090 1719 1114 1782 Ω
1131 1725 1212 1788 214:
1237 1717 1331 1795 οὕτως
1354 1720 1416 1786 ἐπεὶ

137 1825 170 1890 οὔ
193 1824 218 1906 ἑ,
243 1821 273 1890 αἱ
296 1825 328 1888 δὲ
350 1829 445 1889 κοιναὶ
467 1823 529 1889 ἐπεὶ
552 1823 613 1889 οὔτι
636 1823 753 1912 (Schol.
777 1822 858 1892 Vcn.
883 1827 914 1892 A
937 1827 984 1892 ed.
1010 1828 1169 1914 Dindorf).

229 2009 293 2073 ’25
319 2005 433 2072 Gritice
468 2005 657 2070 tractandus
688 2009 720 2070 et
747 2005 893 2088 inprimis
923 2006 964 2070 eb
996 2007 1190 2090 importunis
1224 2010 1416 2077 coniecturis

138 2113 356 2179 defendendus
379 2117 428 2178 est
450 2117 559 2178 textus
582 2112 710 2177 distichi

181 2238 220 2305 fr.
234 2235 275 2302 13
287 2244 317 2303 νζ
331 2235 371 2302 31
383 2253 436 2318 sq.
459 2235 557 2322 ἤλυθε
579 2240 695 2309 πάντως
718 2232 800 2306 αὖτις
811 2235 963 2300 ’,ἀναίτιοι
985 2234 1058 2320 ἔργα
1081 2229 1201 2303 τίνοοσιν

510 2339 530 2428 ἢ
553 2335 786 2425 παῖδεςτοιίτων
808 2339 827 2427 ἢ
850 2347 935 2423 γένος
958 2339 1090 2414 ἐξοπίσω.
1146 2409 1147 2416 ¹

20 2514 24 2552 3
139 2469 411 2554 Wyttenbachius
435 2469 519 2533 enirn
543 2473 575 2533 et
591 2467 797 2533 Hermannus
821 2467 940 2556 uariam
962 2468 1134 2534 lectionem
1150 2468 1264 2536 ἀναίτια
1279 2476 1418 2541 retinere

8 2570 13 2610 ²
137 2577 310 2641 voluerunt
338 2576 459 2640 inserte
489 2575 649 2658 particula
680 2571 704 2635 τ’
738 2575 789 2639 vel
823 2569 864 2638 δί
898 2579 932 2638 et
962 2571 1092 2657 ἀναίτιοι,
1121 2579 1207 2662 quod
1236 2580 1311 2645 libri
1333 2582 1417 2648 bcd

138 2684 280 2764 tradunt,
311 2683 434 2747 duabus
464 2684 502 2748 de
533 2682 637 2747 causis
664 2681 811 2766 equidem
842 2682 1061 2763 praetulerim.
1108 2683 1193 2750 Nem
1225 2687 1418 2774 ubicumque

14 2839 23 2870 ‚
138 2789 217 2854 haec
243 2811 307 2854 vox
336 2789 421 2870 apud
449 2787 627 2854 Homerum
656 2788 792 2853 recurrit
816 2824 860 2833 -
882 2788 920 2852 fit
947 2793 1055 2853 autem
1085 2790 1256 2874 quinquies
1288 2791 1329 2880 (A
1354 2800 1418 2862 654

7 2931 12 2994 ι
138 2893 168 2957 Ν
193 2900 256 2964 775
291 2917 308 2957 o
335 2899 396 2961 135
428 2893 552 2958 ductrice
580 2891 765 2976 αἰτιάασθαι,
796 2891 907 2962 1297
939 2893 968 2960 ἆ.
997 2893 1115 2981 πάσχει,
1148 2903 1259 2982 qest
1295 2899 1419 2967 ἀναίτιον

139 2999 235 3090 οὔταε)
259 3039 303 3050 -
326 3004 366 3067 nd
389 3025 553 3086 personas
579 3025 738 3088 nusquam
762 3003 802 3066 ad
825 3025 876 3066 res
899 3003 1047 3068 refertur.
1094 3003 1176 3069 Tum
1192 3005 1288 3072 lectio
1306 3006 1419 3072 ἀναίτια

7 3117 8 3122 ’
138 3107 211 3192 ἔργα
244 3110 424 3195 logicorum
458 3111 547 3196 leges
581 3111 717 3196 migret:
754 3131 819 3173 non
854 3109 938 3173 enim
972 3109 1112 3174 innocua
1146 3111 1290 3203 facinore
1325 3117 1420 3182 luunt

6 3237 8 3240 ·
138 3217 271 3298 posteri,
300 3217 355 3283 sed
384 3218 525 3283 innocui.
572 3217 692 3292 Quodsi
721 3215 900 3280 Ahrensius
928 3213 1027 3278 ἄντιτα
1050 3213 1074 3283 ἔ.
1104 3219 1240 3284 coniecit
1271 3228 1356 3288 certe
1379 3226 1419 3289 nd

141 3324 322 3406 exemplum
353 3321 466 3390 9213
498 3327 591 3406 ρ51,
618 3328 669 3402 60,
704 3345 823 3401 vereor,
856 3343 896 3386 ne
928 3323 1099 3388 immaturo
1131 3325 1237 3390 studio
1268 3327 1419 3396 Solonem

141 3425 286 3514 ὁμηρίζειν
308 3418 463 3507 voluerit}
494 3453 568 3494 nam
590 3434 694 3494 totam
723 3431 790 3494 eius
815 3430 1031 3494 coniecturam
1055 3466 1099 3475 -
1122 3428 1179 3514 ἄτῃ
1202 3428 1223 3512 ᾔ
1247 3431 1294 3517 (-
1322 3439 1420 3516 Wt)

141 3532 239 3597 ἄντιτα
264 3571 306 3580 -
329 3536 520 3602 invitissima
536 3527 674 3602 domena
698 3541 865 3602 consutam
890 3558 957 3600 esse
978 3540 1064 3600 recte
1080 3537 1233 3602 iudicavit
1248 3535 1420 3626 Ber'gkins.¹

141 3643 248 3706 Etiam
272 3639 291 3726 ἢ
316 3647 398 3721 γένος
422 3638 545 3713 ἐξοπίσω
570 3679 613 3688 -
637 3642 682 3707 sic
705 3641 778 3706 libri
802 3642 829 3705 B
853 3664 894 3706 m.
919 3663 981 3705 sec.
1008 3663 1033 3718 o,
1059 3645 1091 3705 et
1106 3641 1240 3707 Pierson
1262 3647 1419 3710 econiec-

140 3753 214 3812 tura
238 3785 281 3794 —
304 3749 375 3814 ideo
400 3750 485 3833 qnod
508 3749 624 3833 reliqui
646 3745 797 3833 ἡγεμόνων
810 3745 912 3810 ,ὀπίσω
930 3748 1073 3827 tradunt,
1098 3748 1132 3812 in
1144 3753 1420 3818 'erenamvocavit

142 3855 279 3934 criticos,
310 3878 446 3940 quorum
475 3855 654 3922 tentamina
676 3855 836 3940 Bergkius
865 3855 1038 3940 congessit.
1078 3853 1165 3930 Quos
1194 3879 1305 3923 omnes
1335 3859 1421 3944 fugit

142 3960 292 4026 Solonem
325 3961 359 4026 in
391 3963 453 4028 hoc
484 3985 578 4028 versu
612 3965 650 4026 ut
679 3962 713 4026 in
737 3963 809 4026 eliis
832 3985 851 4026 a
874 3962 1014 4046 Tyrtneo
1045 3963 1194 4043 pendere,
1218 3964 1421 4050 qni-cecinit

284 4086 323 4150 ir.
351 4088 434 4164 13,οο
460 4081 646 4149 ιιαίπαίδων
668 4085 772 4158 παῖδες
793 4088 844 4147 καὶ
867 4089 950 4164 γένος
973 4082 1105 4158 ἐξοπίσω.

20 4227 25 4238 ’
142 4208 318 4294 Utriusque
341 4215 449 4275 eutem
471 4210 535 4276 loci
558 4211 631 4276 fons
654 4211 740 4276 haud
764 4210 829 4275 scio
853 4233 894 4274 en
919 4233 937 4274 a
958 4210 1127 4274 Maeonida
1149 4213 1342 4293 repetendus
1366 4215 1417 4294 sit,

143 4317 197 4400 qui
220 4317 379 4382 vindictae
402 4317 436 4381 in
459 4322 624 4398 posterum
648 4319 764 4383 dilatae
789 4317 984 4382 mentionem
1007 4317 1086 4382 fecit

335 4463 349 4504 ν
376 4445 437 4507 143
461 4437 495 4503 oti
519 4463 544 4504 τι
566 4437 627 4520 τίει,
651 4443 698 4504 σοὶ
720 4437 828 4504 δ’ἐστὶ
850 4436 1049 4512 παὶ.ὲξοπὶσω
1067 4445 1142 4518 Ιτίσις
1166 4437 1266 4520 αἰεΝ),

249 4654 270 4721 ¹)
290 4657 448 4711 Memorntn
476 4656 593 4726 dignum
621 4656 716 4712 iudico
741 4653 845 4717 ἐξοπίσω
868 4657 903 4712 de
926 4659 1086 4728 tempore
1105 4657 1246 4728 Odysseae
1274 4675 1333 4714 esse
1357 4677 1418 4727 pro·

6 4733 19 4791 ¹·
142 4745 244 4814 prium,
263 4746 298 4801 de
317 4745 392 4801 loco
409 4745 630 4810 (retrotlliedis.

1365 4854 1383 4907 3
