3412 5250
807 409 1026 474 ..52-

270 599 544 685 pentametris
568 599 689 665 multo
719 599 894 665 rariores
922 624 1123 684 apparere
1153 600 1245 666 stili
1278 600 1383 684 epici
1413 601 1548 665 imita·

271 708 396 771 tiones
434 728 549 790 quam
588 704 628 768 in
664 705 934 783 hexametris;
973 707 999 771 si
1034 729 1201 772 numerum
1239 729 1370 789 poscas,
1398 707 1547 770 alterum

270 819 397 878 tantum
420 813 486 876 fere
510 811 728 893 exemplorum
751 811 928 876 hexametri
942 813 1108 894 praebent.
1156 812 1253 878 Cuius
1274 812 1322 876 rei
1345 834 1457 876 causas
1481 833 1549 876 esse

271 919 416 1001 inprimis
450 918 598 982 metricas
634 939 727 981 nemo
760 939 825 981 non
860 918 960 993 videt3
994 919 1126 997 accedit,
1158 919 1244 1003 quod
1274 923 1549 1000 pentametrorum

269 1013 449 1091 sententiae
479 1046 518 1088 ex
545 1025 651 1088 animo
680 1028 712 1087 et
741 1023 872 1109 ingenio
905 1031 1020 1108 potitae
1052 1025 1184 1089 liberius
1215 1023 1421 1106 profluebant
1453 1047 1548 1108 quam
1627 1103 1629 1106 Ι

270 1133 545 1206 hexametrorum
569 1134 607 1194 ut
629 1129 713 1194 enim
740 1134 826 1194 vates
851 1131 984 1216 elegiaci
1011 1132 1062 1196 his
1090 1154 1257 1195 numerum
1286 1130 1449 1196 heroicum
1480 1132 1550 1195 red·

272 1239 420 1304 dentibus
443 1237 641 1302 audientium
664 1257 757 1300 aures
780 1237 921 1302 suaviter
950 1239 1203 1320 permulcebam,
1232 1238 1278 1301 ita
1303 1237 1369 1302 illis
1399 1261 1473 1304 suas
1502 1240 1550 1320 ip-

270 1369 378 1412 sorum
413 1343 626 1429 cogitationes
661 1347 693 1407 et
731 1343 865 1408 affectus
902 1345 1091 1429 plerumque
1129 1345 1340 1426 prodentibus
1378 1346 1549 1411 eorundem

272 1455 395 1516 animos
428 1450 543 1514 mirum
576 1449 610 1512 in
642 1449 770 1512 modum
805 1451 1059 1516 commovebant.
1107 1449 1198 1525 Quod
1229 1473 1304 1515 vero
1335 1451 1374 1514 in
1405 1452 1551 1516 iambis

272 1557 449 1623 elocutio
479 1555 688 1620 Homerica
717 1556 842 1620 omnis
873 1556 953 1622 fere
984 1557 1142 1622 evanuit
1173 1562 1206 1621 et
1236 1557 1429 1639 paucissima
1460 1581 1551 1640 repe-

272 1667 398 1730 riuntur
428 1663 544 1727 indicia
574 1661 777 1740 imitationis,
809 1663 865 1726 sed
892 1663 926 1726 in
954 1664 1000 1728 eis
1029 1663 1170 1748 insignia
1200 1664 1370 1747 quaedam,
1406 1670 1443 1728 ut
1472 1665 1551 1728 illud

272 1769 437 1858 ἀναγκαίης
458 1764 514 1857 bob
540 1764 543 1854 1
568 1776 686 1852 χρειοῦς
708 1769 761 1850 (fr.
775 1771 861 1848 32,ιό
877 1791 924 1853 sq.
942 1767 1018 1853 (H))
1042 1771 1082 1834 ab
1099 1769 1274 1834 Aristotele
1297 1771 1551 1851 comprobatum,

273 1899 338 1940 uon
369 1881 428 1947 est.
460 1875 546 1960 quod
578 1875 746 1938 miremur:
779 1873 849 1956 ipsa
880 1876 965 1939 enim
993 1876 1153 1956 materies,
1187 1898 1252 1940 non
1284 1877 1416 1941 metrica
1448 1878 1551 1941 solum

272 1985 354 2046 ratio
388 1981 581 2064 postulavit,
617 1985 653 2044 ut
687 1981 720 2044 in
753 1981 867 2045 iambis
899 1987 1013 2063 podiae
1046 1982 1190 2066 vestigiis
1223 1983 1364 2066 vulgaris
1396 1984 1553 2048 sermonis

272 2090 375 2173 magis
407 2088 573 2173 magisque
606 2087 808 2167 insisterent,
841 2088 873 2152 id
906 2089 992 2171 quod
1025 2088 1218 2153 Abrensium
1251 2094 1436 2153 observasse
1468 2089 1553 2152 infra

273 2205 353 2278 (cap.
381 2195 482 2268 vui.)
507 2195 656 2260 dicemus,

379 2301 498 2376 Quodsi
516 2303 587 2385 quis
605 2306 708 2386 roget,
734 2325 810 2365 num
835 2302 1039 2366 discrimen
1062 2303 1192 2385 aliquod
1209 2303 1307 2366 statui
1323 2305 1426 2384 possit
1442 2304 1554 2367 inter

273 2409 451 2474 carmina
474 2409 635 2473 iuvenis
658 2413 696 2473 et
719 2410 997 2488 senescentis
1021 2414 1130 2474 utrum
1152 2411 1276 2474 iuvenis
1292 2411 1418 2492 saepius
1435 2413 1553 2495 magis-

272 2540 333 2600 que
357 2518 396 2580 ad
421 2517 550 2580 verbum
574 2515 718 2579 imitatus
743 2515 785 2579 sit
809 2515 986 2581 Homerum
1010 2539 1051 2580 an
1075 2539 1183 2586 senex.
1207 2517 1269 2580 hoc
1293 2519 1410 2582 nullo
1434 2524 1551 2599 pacto

271 2623 471 2707 fragmentis,
504 2645 585 2706 quae
614 2627 751 2700 exstant,
782 2623 941 2706 coargui
971 2646 1082 2704 posse
1110 2629 1166 2704 pat
1187 2629 1210 2688 t.
1258 2625 1384 2689 Etenim
1414 2627 1441 2688 si
1464 2631 1552 2711 frag-

272 2736 385 2805 menta,
409 2752 447 2793 ex
474 2733 579 2793 aetate
607 2727 735 2792 Solonis
763 2729 1049 2809 ordinaverimuss)
1076 2730 1198 2795 Flachii
1230 2731 1429 2811 potissimum
1454 2753 1552 2813 opera

272 2839 321 2902 usi
348 2837 414 2909 (Gr.
439 2837 514 2920 Lyr.
541 2859 573 2918 p.
600 2839 662 2900 359
686 2837 758 2919 sq),
790 2836 1038 2920 haudquaquam
1072 2837 1303 2918 comperiemus
1337 2840 1405 2902 seni
1440 2839 1552 2904 Soloni

271 2945 460 3008 Maeoniden
489 2943 594 3006 minus
625 2943 770 3024 exemplo
795 2943 891 3007 fuisse
921 2966 1016 3027 quam
1049 2944 1255 3011 adulescenti.
1304 2945 1400 3010 (iuius
1429 2947 1474 3008 rei
1503 2947 1552 3009 in-

271 3053 363 3135 signe
397 3055 623 3134 argumentum
660 3053 709 3113 est
743 3050 858 3135 fragm.
887 3054 941 3118 13.
981 3051 1068 3134 quod
1105 3051 1291 3116 inscribitur
1324 3047 1476 3138 ὑποθῆκαι
1511 3049 1553 3124 εἰς

270 3154 382 3236 ἑαυτόν,
407 3180 488 3238 opus
511 3157 640 3220 minime
661 3157 809 3236 iuvenile,
834 3159 889 3222 sed
905 3159 1081 3240 permaturi
1097 3158 1235 3242 ingenii:
1260 3160 1293 3222 in
1310 3160 1371 3222 hoc
1386 3161 1550 3243 ingentem

240 3261 245 3270 ’
272 3265 487 3328 imitationum
512 3263 573 3328 vim
598 3264 824 3346 comprehendi
848 3266 1053 3330 manifestum
1077 3277 1135 3329 est.

378 3371 473 3435 Nunc
503 3393 577 3434 vero
609 3371 816 3452 disceptanda
847 3376 896 3435 est
929 3372 1074 3455 quaestio
1106 3372 1304 3456 gravissima,
1338 3377 1429 3454 quot
1462 3374 1552 3455 qui-

272 3480 426 3561 busque
461 3477 704 3544 carminibus
737 3477 957 3554 Homericis
989 3478 1115 3543 Solon
1150 3478 1203 3541 sit
1237 3500 1346 3553 usus;
1382 3501 1476 3561 quam
1512 3481 1552 3544 ad

271 3608 338 3650 rem
361 3585 487 3648 facilius
511 3584 732 3665 explicandam
762 3585 898 3646 alterum
930 3584 1066 3647 indicem
1098 3606 1195 3665 supra
1226 3583 1377 3650 dedimus,
1426 3584 1487 3650 Sed
1518 3587 1550 3648 in

270 3693 331 3756 hoc
355 3691 557 3772 potissimum
581 3691 756 3754 cavendum
781 3695 839 3770 est,
865 3712 904 3752 ne
930 3690 1023 3752 nimis
1048 3690 1245 3753 confidentes
1265 3712 1302 3752 ac
1317 3691 1435 3754 morosi
1452 3692 1551 3756 simus

271 3821 349 3862 neve
374 3798 450 3882 quid
473 3797 624 3861 audacius
648 3819 744 3880 quam
767 3796 873 3860 verius
897 3796 1081 3860 efficiamus.
1122 3795 1205 3861 Nam
1223 3796 1363 3880 quinque
1380 3798 1445 3861 fere
1462 3799 1550 3863 milia

271 3927 417 3969 versuum
452 3904 550 3970 Solon
586 3904 763 3968 condidisse
798 3903 936 3968 traditur
970 3908 1051 3968 teste
1084 3904 1229 3987 Diogene
1262 3904 1390 3969 Laertio
1419 3905 1549 3985 (l‚c1)²),

272 4033 408 4094 quorum
431 4011 602 4074 maximam
624 4015 749 4091 partem
772 4009 903 4074 fortuna
927 4010 1020 4074 nobis
1041 4010 1164 4090 invidit,
1188 4034 1258 4075 curu
1276 4035 1292 4076 e
1308 4017 1400 4076 tanto
1417 4035 1549 4076 numero

271 4118 407 4181 trecenti
435 4118 501 4180 fere
531 4116 624 4180 nobis
654 4117 757 4180 relicti
788 4117 862 4181 sint.
910 4116 1027 4180 Nonne
1058 4117 1159 4201 igitur
1189 4141 1227 4181 cx
1256 4119 1415 4201 particula
1445 4121 1550 4201 operis

379 4256 399 4324 ¹)
418 4259 580 4314 Carminum
599 4258 812 4313 iuvenilium
832 4259 994 4327 fragmenta
1012 4260 1082 4314 haec
1101 4261 1160 4315 fere
1179 4266 1255 4316 sunt:
1275 4261 1299 4325 8,
1322 4263 1362 4323 14,
1384 4263 1424 4328 15,
1444 4263 1485 4328 25,
1506 4263 1548 4327 26,

270 4349 323 4403 ll?
351 4375 385 4384 -—
415 4348 546 4402 Carmina
577 4347 705 4413 aetatis
736 4347 802 4402 iam
834 4348 1089 4424 corroboratae
1118 4366 1177 4404 esse
1206 4367 1304 4406 censeo
1332 4351 1414 4405 haec:
1446 4352 1468 4412 1,
1489 4352 1549 4404 23

270 4434 419 4504 (Σαλαμίς),
448 4435 626 4506 Utrobique
645 4433 680 4495 εἷς
699 4431 810 4504 Ἀθην1,
830 4436 872 4488 36.
893 4437 925 4488 37
950 4437 1066 4501 (iambil,
1094 4437 1201 4490 32-35
1227 4437 1416 4507 (1Θ1Υᾶωεὲνί),
1443 4440 1547 4492 38-41

268 4527 312 4590 (de
335 4543 407 4580 novo
433 4543 527 4580 rerum
551 4526 646 4588 statu),
671 4524 749 4590 5(de
769 4525 852 4580 rebus
874 4526 986 4592 Athen.)
1005 4555 1036 4565 -
1056 4529 1093 4582 ad
1112 4528 1238 4597 singulos
1257 4528 1395 4581 homines:
1426 4529 1459 4580 tt
1478 4528 1548 4596 (πρὸς

269 4612 390 4682 Κριτίαν),
411 4616 442 4666 19
460 4615 531 4682 (πρὸς
550 4611 662 4678 &ildeb
682 4615 736 4668 huc
755 4618 885 4683 spectare
904 4615 1017 4670 videtur
1030 4617 1063 4668 tl
1084 4615 1129 4682 [de
1149 4621 1243 4671 aetate
1263 4616 1406 4682 humana),
1427 4617 1460 4669 ΞΟ
1479 4619 1549 4686 ’,πρὸς

269 4701 429 4771 Μίμνερμον),
448 4702 545 4755 9113.
560 4701 602 4754 tl.
633 4701 765 4756 Carmina
784 4703 945 4757 ineuntis
965 4721 1021 4758 een
1031 4712 1134 4759 actae
1147 4707 1221 4774 ipost
1237 4705 1359 4759 reditum
1373 4705 1402 4758 in
1415 4708 1547 4773 patriam)

269 4793 410 4846 videntur:
431 4790 526 4849 9-12,
547 4791 580 4842 13
598 4789 738 4858 (ὑποθῆκαι
757 4787 792 4850 εἰς
811 4789 919 4853 ἑαυτόν).

375 4875 397 4944 ²)
416 4881 450 4933 cf.
469 4879 562 4934 Christ
580 4873 647 4932 Lc³
666 4897 693 4946 p.
716 4879 773 4931 118.
