3412 5250
693 389 912 450 „29-

263 585 293 648 9.
317 581 394 648 Cum
418 581 664 662 perlustrassem
687 581 726 646 fr.
751 579 773 644 4
797 607 824 649 v.
849 581 889 646 27

424 681 500 750 οὕτω
523 682 663 773 δημόσιον
686 689 781 750 κακδν
804 686 923 773 ἔρχεται
945 685 1040 752 οἴκαδ’
1064 685 1189 770 ἑκάστῳ,

156 795 292 859 similem
316 795 424 859 inveni
447 816 574 859 versum
598 817 627 861 v.
652 794 682 858 h.
709 795 777 862 Ger.
803 799 866 861 303

423 901 476 982 βάν
500 896 524 984 ῥ’
544 897 608 985 ἴμεν
631 896 726 962 οἴκαδ’
748 898 898 974 ἕκαστος·
924 900 998 984 ἀτὰρ
1023 952 1164 969 .....

157 1007 372 1083 Quamobrem
395 1007 575 1073 Hermanni
599 1010 815 1074 coniecturam
839 1005 912 1090 οἴκῳ
936 1029 1205 1091 supervacaneam
1231 1031 1299 1072 esse
1323 1007 1439 1085 iudicO,

156 1116 343 1196 praesertim
369 1137 439 1179 cum
465 1115 568 1200 magis
591 1115 794 1198 perspicuum
812 1117 855 1180 sit
872 1116 975 1180 dicere
987 1111 1123 1180 ‘malum
1140 1116 1269 1180 domum
1286 1115 1439 1198 cuiusque

150 1217 231 1286 adit'
254 1245 351 1306 quam
370 1217 506 1300 “malum
530 1222 638 1286 domui
663 1222 776 1305 cuique
801 1217 1050 1306 appropinquat'
1062 1223 1094 1302 ¹).
1185 1246 1187 1250 ’

262 1346 314 1411 10.
338 1345 469 1411 Acristo
493 1346 547 1432 qui
571 1348 687 1411 dicitur
710 1347 891 1432 gnomico
915 1346 1014 1412 Solon
1038 1347 1070 1410 in

217 1454 256 1518 fr.
274 1450 296 1517 4
312 1477 339 1518 ν.
357 1452 401 1517 29
423 1445 535 1538 ὑψηλὸν
559 1449 583 1514 δ’
605 1449 677 1538 ὑπὲρ
700 1450 788 1535 έρκος
811 1449 985 1536 ὑπέρθορεν,
1009 1449 1075 1535 εὗρε
1099 1453 1132 1514 δέ
1154 1458 1270 1524 πάντως

157 1583 234 1624 usus
258 1565 316 1638 est,
342 1565 454 1624 contra
477 1560 674 1626 historico
698 1561 859 1626 Homerus
882 1562 914 1625 in
938 1561 1110 1626 Phoenicis
1134 1561 1278 1624 oratione
1301 1559 1335 1622 111
1358 1582 1388 1626 ν.

294 1663 396 1733 1416
420 1662 511 1751 ῥηξας
535 1663 671 1753 ἐξῆλθον,
695 1669 748 1729 καὶ
770 1662 990 1750 ὑπέρθορονρ
959 1663 1021 1728 έ’
992 1687 1055 1728 κιον
1079 1661 1183 1752 αάλης.

264 1794 308 1857 11.
332 1791 400 1856 Nec
425 1814 499 1856 vero
523 1792 669 1874 ineptum
692 1793 753 1857 erit
740 1791 815 1856 111.
840 1789 913 1859 4v.
939 1789 985 1856 30

425 1893 449 1958 sl
471 1901 524 1960 καί
547 1920 589 1970 τις
611 1900 725 1984 μείνγιυν
750 1894 803 1985 111
804 1920 819 1960 ν
843 1908 931 1984 μυχῷ
954 1896 975 1980 η
998 1899 1142 1980 θαλάμου
1166 1918 1359 1979 componere

213 2027 285 2070 cum
310 2001 334 2066 P
359 2009 400 2072 36
424 2008 569 2091 χηρὼσας
593 2005 625 2080 δὲ
647 2013 773 2085 γυναῖκα
845 2016 933 2091 μυχῷ
1001 2006 1153 2089 θαλάμοιο
1177 2008 1251 2066 νέοιο

310 2114 329 2194 ψ
354 2117 392 2176 41
418 2113 629 2196 κτεινομένων
653 2109 741 2197 ἡμεῖς
764 2111 797 2174 δέ
843 2122 931 2196 μυχῷ
1000 2110 1149 2196 θαλάμων
1173 2106 1334 2196 έυπηκτυν.

159 2217 281 2294 Quibus
308 2219 387 2282 locis
415 2218 596 2283 Homericis
624 2221 782 2300 probatur
809 2225 895 2284 recte
928 2219 1116 2304 Bergkium‚
1150 2217 1439 2296 Schneidewinum,

158 2326 359 2408 Koechlyum
397 2325 573 2390 correxisse
611 2326 764 2390 traditum
804 2327 883 2390 illud
921 2335 1008 2410 μυχῷ
1047 2322 1066 2410 ἢ
1100 2325 1244 2410 θαλάμῳ,
1293 2325 1439 2390 Ceterum

158 2433 279 2497 dativi
303 2432 446 2496 localis
471 2433 611 2515 (proprie
635 2429 776 2518 locativi)
801 2455 894 2498 usum
927 2433 979 2497 hic
1008 2437 1104 2515 podda
1134 2455 1190 2497 seu
1220 2433 1311 2496 metri
1344 2453 1440 2496 causa

158 2564 224 2620 seu,
261 2541 346 2624 quod
381 2539 482 2604 rarior
515 2539 584 2603 fieri
617 2545 784 2622 coeperet,
817 2540 940 2604 vitavit.
988 2539 1188 2624 Quamquam
1224 2539 1438 2604 coniecturam

158 2649 315 2732 θαλάμων,
340 2669 436 2732 quam
460 2646 542 2711 idem
568 2647 677 2732 Bergk
704 2648 884 2730 proposuit,
916 2647 1108 2712 reiciendum
1137 2669 1262 2724 censeo
1291 2647 1376 2732 quod
1407 2648 1439 2710 in

159 2755 301 2840 Odyssea
324 2753 460 2837 θάλαμοι
483 2755 523 2818 ad
547 2755 653 2837 ampla
675 2757 762 2841 regis
784 2755 961 2838 penetralia
981 2756 1174 2835 referuntur,
1199 2755 1238 2820 ad
1263 2754 1438 2835 simplicem

159 2883 263 2927 casam
287 2859 431 2944 θάλαμος
455 2861 540 2944 apud
563 2861 725 2928 Solonem.

263 2988 311 3052 12.
334 2986 522 3052 Maeonidae
546 2987 656 3052 stilum
674 2987 846 3070 paululum
871 2986 967 3052 etiam
991 2987 1031 3052 fr.
1055 2987 1078 3050 4
1100 3011 1129 3052 ν.
1154 2984 1198 3052 34

445 3097 497 3157 καὶ
519 3095 609 3179 θάμα
631 3103 693 3165 τοῖς
717 3091 830 3165 ἀδίκοις
853 3091 1027 3180 ἀμμιτίθηοι
1049 3093 1141 3164 πέδας

155 3203 295 3286 resipere
324 3203 459 3268 videtur.
508 3201 591 3277 Quid
621 3202 725 3266 enim?
761 3200 895 3266 Locutio
925 3197 1119 3286 ἀμμιβάλλειν
1147 3200 1240 3272 πέδας
1271 3206 1338 3266 tam
1365 3226 1438 3266 rara

157 3317 213 3390 est,
236 3315 274 3374 1
297 3331 392 3374 unico
416 3331 484 3374 earn
510 3307 687 3390 deprendas
711 3308 782 3371 loco

320 3413 474 3482 N36..
494 3413 656 3500 ,ἀμοὶδέ
679 3417 807 3477 11111111
799 3413 920 3486 δας
904 3435 936 3496 εγ
922 3415 1008 3477 αλεν
1031 3437 1133 3500 ,γρυοε
1136 3438 1182 3486 νς

262 3544 309 3608 13.
333 3541 451 3606 Similit
438 3547 487 3605 ter
510 3541 711 3604 referendum
738 3541 906 3606 censeofr
877 3538 1012 3605 11.4.ν
1037 3533 1115 3605 37

445 3642 560 3710 εάθίινει
582 3647 615 3709 δέ
638 3644 725 3720 δίκας
748 3647 871 3718 σκολιὰς
893 3641 1066 3734 ὑπερήφανά
1089 3669 1105 3709 τ
1134 3645 1207 3730 ἔργα

234 3755 274 3820 ad
298 3750 327 3816 Π
352 3758 415 3820 361
441 3751 469 3815 οἳ
491 3748 585 3838 βίη
564 3775 603 3816 τιν
628 3753 723 3838 ἀγορη
747 3754 870 3825 σκολιὰς
892 3757 1012 3838 κρίνωσι
1035 3755 1190 3839 θέμιστας,

157 3860 355 3946 Quamquam
381 3861 523 3926 Ameisio
547 3861 650 3926 iudice
673 3862 864 3926 adiectivum
889 3861 1050 3934 σκολιάς
1041 3885 1074 3926 111
1099 3861 1233 3926 Homeri
1256 3884 1349 3926 versu
1373 3861 1439 3926 siva

156 3968 362 4050 praedicativi
386 3969 524 4034 nominis
548 3969 616 4034 vice
639 3968 789 4054 fungitur
812 3969 879 4033 sive
908 3968 1121 4052 anticipatum
1150 3975 1206 4033 est.
1255 3957 1335 4033 Rem
1362 3991 1438 4033 vero

157 4075 350 4140 contrariam
374 4077 469 4140 offert

200 4183 231 4248 h.
256 4181 325 4247 Cer.
354 4187 414 4248 152
439 4177 578 4266 adprimae
601 4182 724 4266 βουλῇσι
747 4184 800 4244 καί
821 4177 933 4264 ἰθείῃσι
957 4181 1079 4265 δίκησιν.

261 4309 310 4372 14.
335 4307 525 4392 Lagentium
550 4307 674 4372 animos
698 4307 849 4371 admonet
871 4310 909 4370 11.
934 4305 956 4371 4
981 4331 1008 4372 ν.
1032 4305 1076 4371 39
1310 4377 1311 4384 ,

369 4415 454 4476 caea
477 4409 502 4474 δ’
526 4410 676 4499 ἀργαλέης
698 4410 794 4496 ’έριδυς
816 4410 917 4497 χόλον,
941 4411 1002 4476 ἔστι
1025 4409 1050 4474 δ)
1073 4408 1118 4476 ὑπ’
1142 4407 1233 4498 αάτης
1301 4455 1304 4464 ,

157 4521 193 4586 de
206 4545 234 4589 ν.
248 4517 272 4582 Ρ
286 4524 351 4587 384
367 4529 428 4592 τοῖς
446 4519 478 4581 δὲ
493 4522 682 4604 πανημερίοις
697 4518 792 4602 έριδος
815 4523 893 4602 μέγα
914 4528 1009 4590 νεῖκος
1033 4516 1138 4602 ὀρώρει
1163 4516 1166 4606 l
1193 4517 1353 4605 ἀργαλέης.

157 4628 248 4752 Aliis
251 4648 396 4752 quoque
424 4626 505 4692 locis
533 4624 752 4690 Homerus&
736 4631 843 4709 ριςυ1
876 4623 1010 4712 ἀργαλέη
1035 4649 1101 4691 non
1129 4628 1235 4691 minus
1259 4627 1437 4712 coniungit,

263 4789 283 4851 ¹)
304 4789 438 4844 Conferas
457 4788 491 4844 de
510 4789 563 4844 hoc
582 4788 644 4842 loco
664 4787 779 4842 etiam
771 4787 846 4841 111111.
864 4785 1037 4857 (caplim)
