3412 5250
83 1107 229 1157 Εποιινειιι

81 1197 113 1246 de-
132 1195 240 1248 Solonis

68 1286 183 1350 flexione
201 1300 247 1336 no·

72 1375 157 1425 minis
174 1370 245 1434 Ζεύς.

800 342 1021 403 ..12-

395 534 434 598 fr.
461 538 522 606 13„
552 529 753 618 Μνῃμοσίινῃς
774 535 827 596 καί
849 531 941 619 Ζήνὸς
965 531 1129 619 Ὀλυμπίου
1153 531 1253 613 ἀγλαὰ
1276 533 1399 615 τέιιναί)

416 637 442 703 0
469 644 527 706 131
553 639 573 726 ἢ
597 639 634 726 δή
657 649 705 703 νυν
726 643 787 724 πὰρ
847 637 941 726 Ζήνδς
965 637 1127 725 Ὀλυμπίου
1151 635 1335 725 εἰλήλουθεν,

266 767 282 846 β
309 755 359 844 38,
384 765 415 833 h.
445 770 522 845 16,ε.
557 765 723 848 Respioias
745 769 912 848 praeterea
936 766 1052 831 sodosr

446 896 466 935 α
490 878 531 940 27
556 869 650 958 Ζήνδς
674 869 714 936 er
737 876 903 958 μεγάροισιν
963 868 1126 958 Ὀλυμπίου
1149 870 1258 956 ἁθρόοι
1281 868 1366 957 ἦσαν,

450 978 466 1040 δ
491 983 533 1046 74
556 976 649 1064 Ζῃνδς
672 988 728 1042 που
749 979 847 1064 τοιήδε
870 981 897 1059 χ’
963 976 1128 1066 Ὀλυμπίου
1150 977 1270 1042 ἔνδοθεν
1293 975 1381 1062 αὐλῇ.

374 1104 446 1169 Ηοο
469 1105 540 1169 loco
563 1105 664 1190 igitur
683 1103 833 1169 Solonem
849 1103 984 1169 Homeri
1000 1105 1180 1187 exemplum
1198 1110 1342 1171 secutum
1359 1106 1571 1191 genetivum

268 1207 370 1296 Ζηνός,
407 1234 472 1276 non
506 1209 576 1284 Διός
611 1232 781 1293 usurpasse
817 1211 1052 1296 cognoscimus.
1101 1211 1171 1288 Qua
1199 1235 1233 1278 re
1261 1235 1378 1295 operae
1406 1212 1570 1294 pretium

268 1340 336 1382 esse
359 1319 439 1383 mihi
462 1319 587 1384 videtur
611 1341 774 1402 quaerere,
798 1323 906 1384 utrum
929 1319 982 1384 hie
1005 1325 1103 1402 potita
1127 1342 1219 1384 cesus
1248 1320 1386 1385 nominis
1408 1315 1483 1390 Ζειίς
1515 1319 1569 1383 de

268 1429 367 1507 stirpe
391 1423 476 1512 Ζῃν-,
500 1450 542 1491 en
566 1427 604 1492 de
627 1423 844 1493 Aer-formare
867 1425 910 1490 sit
933 1427 1058 1496 solitus.
1106 1427 1150 1492 Et
1173 1427 1293 1509 legitur
1315 1428 1431 1492 iterum
1455 1423 1567 1512 Ζῃνός

267 1532 300 1596 irr
324 1533 363 1597 fr.
391 1537 474 1610 13ρτ
901 1537 903 1540 ’

515 1641 632 1724 τοιαυτῃ
655 1635 748 1724 Ζηνὸς
770 1641 888 1702 πέλεται
911 1636 993 1720 τίσις,
1018 1635 1079 1702 οὐδ’
1103 1636 1148 1726 ἐφ’
1171 1636 1297 1722 ἑκάστῳ.

268 1744 418 1828 Fortasse
441 1763 493 1829 hio
517 1765 545 1829 ei
569 1765 610 1830 ob
635 1765 746 1830 oeulos
769 1769 915 1830 versatus
939 1770 988 1830 est
1011 1769 1068 1829 eut
1090 1788 1119 1829 v.

375 1867 406 1932 N
426 1875 489 1936 624
513 1869 605 1956 Ζηνὸς
628 1869 820 1976 έριβρεμέτῃυ
843 1873 980 1957 χαλεπήν
1002 1868 1130 1934 ἐδείσατε
1153 1881 1235 1956 μήνιν

269 1981 327 2040 aut
373 1973 402 2038 Π
429 1981 490 2042 103
514 1977 611 2061 δάμνα
634 1999 680 2062 μιν
703 1977 794 2064 Ζηνός
816 2002 846 2041 τε
869 1975 936 2051 νόος
958 1973 1009 2040 οιαὶ
1032 1978 1138 2060 Τρῶες
1160 1975 1276 2058 ἀγαυοί,

269 2102 411 2166 Alterius
434 2107 542 2167 eutem
565 2104 675 2186 stirpis
698 2101 897 2171 Aer-exstant
920 2105 981 2169 hee
1005 2109 1140 2169 formae:

379 2212 406 2276 1.
430 2205 500 2280 Διός
523 2210 555 2273 in
579 2210 618 2274 fr.
644 2215 686 2291 4,1
717 2234 786 2297 sqq.

516 2313 662 2402 Ἦμετὲρα
685 2319 717 2380 δὲ
739 2319 824 2390 πόλις
846 2322 923 2381 οιατὰ
948 2321 999 2403 μὲν
1022 2314 1092 2388 Διὸς
1115 2313 1212 2380 οὔποτ’
1235 2314 1344 2380 ὀλεῖται
1364 2316 1368 2404 ή
1389 2313 1483 2382 αἶσαν.

271 2439 414 2516 Quocum
439 2443 689 2524 comperandum
714 2466 844 2509 censeo:

430 2544 455 2608 P
480 2553 540 2614 321
566 2546 697 2634 Ἀργέιοι
721 2550 753 2612 δέ
776 2572 811 2612 πε
834 2549 926 2622 οιαδος
949 2547 1015 2612 ἕλον
1038 2551 1091 2612 οιαὶ
1114 2544 1185 2632 ὑπὲρ
1209 2545 1278 2619 Διὸς
1302 2545 1387 2612 αἶσαν

445 2677 454 2715 ι
478 2659 518 2720 52
567 2652 661 2742 ήέριοι
685 2675 692 2690 ·
716 2655 779 2720 τότε
802 2657 839 2740 δή
864 2653 902 2740 ῥα
925 2660 1008 2742 οιακή
1032 2654 1103 2728 Διὸς
1125 2651 1196 2718 αἶσα
1219 2659 1353 2741 παρέσιή

270 2761 301 2824 h.
327 2761 387 2842 Ap.
412 2759 473 2847 (Ρ.)
498 2767 560 2828 433
589 2760 662 2848 ἦλθ’
692 2762 799 2848 ἄνεμος
826 2761 968 2850 Ζέφυρος,
999 2767 1102 2846 μέγας,
1134 2760 1264 2844 αἴθριος,
1293 2759 1328 2824 έιι
1354 2759 1424 2834 Διὸς
1453 2761 1551 2848 αἴσης.

378 2889 407 2954 2.
432 2883 477 2948 Διί
499 2888 530 2951 in
555 2887 594 2954 fr.
620 2893 685 2968 31‚1

588 2991 699 3078 Πρῶτα
723 2997 774 3079 μὲν
797 2990 982 3080 είιχὼμεσθοι
1004 2989 1047 3055 Διί
1072 2990 1205 3077 Κρονίδῃ
1228 2991 1356 3078 βασιλήϊ.

271 3118 328 3183 Cui
350 3120 457 3184 versui
481 3121 657 3186 contendes
681 3143 752 3185 cum
776 3120 857 3185 alios
880 3125 950 3184 tum
974 3121 1050 3185 hos:

442 3224 470 3288 H
496 3231 558 3293 194
583 3223 655 3314 τόφῤ
679 3223 761 3312 ὑμεῖς
864 3225 994 3312 εὔχεσθε
1017 3223 1062 3289 Διὶ
1086 3223 1229 3310 Κρονίωνι
1252 3224 1355 3288 ἄναιιτι

424 3336 466 3400 ib.
492 3339 556 3402 200
580 3333 621 3406 ὣς
644 3331 744 3420 ἔφαθ’,
768 3333 795 3396 οἳ
817 3331 842 3395 δ’
865 3331 985 3418 εὔχοντο
1018 3330 1062 3396 Διὶ
1085 3330 1230 3416 Κρονίωνι
1253 3331 1355 3395 ἄνακτι

457 3437 470 3501 Ι
497 3445 557 3508 172
582 3439 659 3526 ὅρμα
682 3437 727 3503 Διὶ
750 3437 882 3524 Κρονίδῃ
906 3437 1084 3525 ἀρησόμεθ’,
1109 3435 1144 3501 αί
1163 3434 1192 3500 π’
1214 3435 1333 3524 ἐλεήσῃ.

272 3568 382 3650 ltaque
415 3567 481 3632 veri
511 3567 613 3632 simile
642 3571 691 3632 est
720 3565 870 3630 Solonem
899 3587 936 3630 eo
960 3564 1150 3630 imitationis
1174 3587 1242 3630 esse
1266 3586 1483 3648 progressum,
1516 3568 1553 3628 ut

273 3677 305 3737 et
339 3673 384 3737 eis
417 3674 507 3754 loeis,
539 3675 595 3739 ubi
625 3675 725 3756 stirpe
755 3670 837 3760 Ζήν,
868 3677 900 3737 et
924 3672 980 3750 eis,
1009 3672 1064 3736 ubi
1095 3673 1238 3737 themate
1261 3667 1442 3750 Art-utitur,
1467 3669 1553 3734 tritis

273 3780 406 3844 Homeri
428 3781 573 3866 vestigiis
596 3780 760 3846 institerit.

378 3925 406 3989 7.
431 3923 579 3988 clausula
604 3922 704 4002 ἀγλαὰ
728 3926 818 3983 τέιινα
841 3921 977 3987 recurrit
1000 3923 1033 3985 in
1056 3922 1095 3985 fr.
1119 3919 1159 3984 13
1186 3944 1211 3987 ν.
1237 3917 1255 3982 1

589 4027 790 4115 Μνῃμοσίινής
813 4030 866 4090 οιαὶ
888 4025 981 4113 Ζῃνὸς
1003 4023 1165 4112 ’Ὀλυμπίου
1189 4025 1288 4106 ἀγλαὰ
1311 4031 1400 4089 τέοινα

272 4155 393 4237 pariter
417 4160 514 4238 atque
537 4156 570 4220 in
594 4155 662 4220 his:

424 4258 448 4322 B
473 4261 568 4346 [871]
592 4259 716 4346 Ναστής
741 4258 940 4347 Ἀμφίμαχός
964 4283 992 4322 τε
1015 4256 1164 4343 Νομίονος
1188 4255 1287 4338 ἀγλαὰ
1309 4261 1409 4333 τέκνα,

273 4386 382 4465 λ285,
406 4384 421 4456 t
441 4389 516 4464 223,
540 4386 570 4450 h.
596 4386 657 4467 Ap.
685 4383 770 4470 [14].
794 4385 826 4453 h.
844 4390 925 4462 32,ι.
973 4385 1133 4449 Homerus
1158 4383 1228 4448 eliis
1252 4405 1380 4468 quoque
1403 4403 1552 4447 versuum

273 4494 403 4559 sedibus
427 4493 513 4558 canit
537 4491 636 4572 ἀχλαα
660 4498 748 4557 τέκνα
771 4494 811 4558 os.
829 4491 851 4556 Σ
869 4498 931 4561 337
957 4489 991 4555 Ψ
1008 4496 1049 4557 23
1073 4493 1172 4557 λ249
1197 4492 1229 4555 h.
1247 4490 1329 4555 Ven.
1350 4493 1420 4556 127.
1461 4485 1553 4564 ίλυίά,

380 4741 403 4812 ¹)
421 4744 525 4802 Totum
544 4744 620 4800 hune
639 4761 748 4802 verium
768 4745 856 4800 etiem
875 4743 906 4799 in
925 4761 986 4814 ουρ.
1005 4743 1053 4797 IX.
1072 4740 1211 4806 tractabo,
