<?xml version="1.0" encoding="UTF-8"?>
<!DOCTYPE html PUBLIC "-//W3C//DTD XHTML 1.0 Transitional//EN"
    "http://www.w3.org/TR/xhtml1/DTD/xhtml1-transitional.dtd">
<html xmlns="http://www.w3.org/1999/xhtml" xml:lang="en" lang="en">
 <head>
  <title>
</title>
<meta http-equiv="Content-Type" content="text/html;charset=utf-8" />
  <meta name='ocr-system' content='tesseract 3.04.00' />
  <meta name='ocr-capabilities' content='ocr_page ocr_carea ocr_par ocr_line ocrx_word'/>
</head>
<body>
  <div class='ocr_page' id='page_1' title='image "./soloniselocutio00riedgoog_0031.png"; bbox 0 0 3328 5238; ppageno 0'>
   <div class='ocr_carea' id='block_1_1' title="bbox 812 375 1033 440">
    <p class='ocr_par' dir='ltr' id='par_1_1' title="bbox 812 375 1033 440">
     <span class='ocr_line' id='line_1_1' title="bbox 812 375 1033 440; baseline 0.014 -21"><span class='ocrx_word' id='word_1_1' title='bbox 812 375 1033 440; x_wconf 80' lang='lat'>-22..</span> 
     </span>
    </p>
   </div>
   <div class='ocr_carea' id='block_1_2' title="bbox 280 563 1558 980">
    <p class='ocr_par' dir='ltr' id='par_1_2' title="bbox 280 563 1558 980">
     <span class='ocr_line' id='line_1_2' title="bbox 281 563 1558 658; baseline 0.009 -32"><span class='ocrx_word' id='word_1_2' title='bbox 281 563 405 628; x_wconf 82' lang='lat' dir='ltr'>Vocula</span> <span class='ocrx_word' id='word_1_3' title='bbox 437 563 574 650; x_wconf 79' lang='grc' dir='ltr'>ἀν-έ-δην</span> <span class='ocrx_word' id='word_1_4' title='bbox 605 571 713 632; x_wconf 86' lang='lat' dir='ltr'><strong>autem</strong></span> <span class='ocrx_word' id='word_1_5' title='bbox 745 569 871 633; x_wconf 84' lang='lat' dir='ltr'><strong>scandit</strong></span> <span class='ocrx_word' id='word_1_6' title='bbox 901 594 920 634; x_wconf 87' lang='lat' dir='ltr'><strong>a</strong></span> <span class='ocrx_word' id='word_1_7' title='bbox 950 571 1055 636; x_wconf 84' lang='lat' dir='ltr'><strong>radice</strong></span> <span class='ocrx_word' id='word_1_8' title='bbox 1085 572 1173 636; x_wconf 86' lang='lat' dir='ltr'><strong>verbi</strong></span> <span class='ocrx_word' id='word_1_9' title='bbox 1198 570 1298 658; x_wconf 80' lang='grc' dir='ltr'><strong>ἀνίημι</strong></span> <span class='ocrx_word' id='word_1_10' title='bbox 1319 571 1498 657; x_wconf 75' lang='grc' dir='ltr'>(ἀν-ι-έ-ναι)</span> <span class='ocrx_word' id='word_1_11' title='bbox 1525 579 1558 638; x_wconf 90' lang='lat' dir='ltr'><strong>et</strong></span> 
     </span>
     <span class='ocr_line' id='line_1_3' title="bbox 280 670 1556 765; baseline 0.009 -31"><span class='ocrx_word' id='word_1_12' title='bbox 280 670 409 753; x_wconf 88' lang='lat' dir='ltr'><strong>proprie</strong></span> <span class='ocrx_word' id='word_1_13' title='bbox 432 671 471 736; x_wconf 87' lang='lat' dir='ltr'><strong>ad</strong></span> <span class='ocrx_word' id='word_1_14' title='bbox 494 676 595 738; x_wconf 88' lang='lat' dir='ltr'><strong>artem</strong></span> <span class='ocrx_word' id='word_1_15' title='bbox 620 695 720 759; x_wconf 89' lang='lat' dir='ltr'><strong>equos</strong></span> <span class='ocrx_word' id='word_1_16' title='bbox 742 677 874 761; x_wconf 81' lang='lat' dir='ltr'><strong>regendi</strong></span> <span class='ocrx_word' id='word_1_17' title='bbox 891 682 1032 760; x_wconf 65' lang='lat' dir='ltr'><strong>spectem</strong></span> <span class='ocrx_word' id='word_1_18' title='bbox 1057 679 1189 758; x_wconf 86' lang='lat' dir='ltr'><strong>accedit,</strong></span> <span class='ocrx_word' id='word_1_19' title='bbox 1213 681 1299 765; x_wconf 91' lang='lat' dir='ltr'><strong>quod</strong></span> <span class='ocrx_word' id='word_1_20' title='bbox 1315 681 1411 745; x_wconf 84' lang='lat' dir='ltr'><strong>etiam</strong></span> <span class='ocrx_word' id='word_1_21' title='bbox 1426 681 1556 746; x_wconf 89' lang='lat' dir='ltr'><strong>verbum</strong></span> 
     </span>
     <span class='ocr_line' id='line_1_4' title="bbox 280 774 1555 872; baseline 0.012 -35"><span class='ocrx_word' id='word_1_22' title='bbox 280 774 357 862; x_wconf 81' lang='grc' dir='ltr'>ἔχειν</span> <span class='ocrx_word' id='word_1_23' title='bbox 380 778 564 860; x_wconf 78' lang='lat' dir='ltr'>saepissime</span> <span class='ocrx_word' id='word_1_24' title='bbox 588 780 661 846; x_wconf 88' lang='lat' dir='ltr'><strong>inde</strong></span> <span class='ocrx_word' id='word_1_25' title='bbox 685 783 725 847; x_wconf 84' lang='lat' dir='ltr'><strong>ab</strong></span> <span class='ocrx_word' id='word_1_26' title='bbox 744 782 885 848; x_wconf 83' lang='lat' dir='ltr'><strong>Homero</strong></span> <span class='ocrx_word' id='word_1_27' title='bbox 909 786 949 850; x_wconf 87' lang='lat' dir='ltr'><strong>ad</strong></span> <span class='ocrx_word' id='word_1_28' title='bbox 973 791 1128 851; x_wconf 87' lang='lat' dir='ltr'><strong>rectorem</strong></span> <span class='ocrx_word' id='word_1_29' title='bbox 1154 787 1300 872; x_wconf 82' lang='lat' dir='ltr'><strong>bigarum</strong></span> <span class='ocrx_word' id='word_1_30' title='bbox 1326 786 1472 852; x_wconf 85' lang='lat' dir='ltr'><strong>refertur.</strong></span> <span class='ocrx_word' id='word_1_31' title='bbox 1508 790 1555 854; x_wconf 87' lang='grc' dir='ltr'><strong>Ειι</strong></span> 
     </span>
     <span class='ocr_line' id='line_1_5' title="bbox 280 884 1397 980; baseline 0.01 -32"><span class='ocrx_word' id='word_1_32' title='bbox 280 884 380 950; x_wconf 88' lang='lat' dir='ltr'><strong>habes</strong></span> <span class='ocrx_word' id='word_1_33' title='bbox 404 886 625 969; x_wconf 78' lang='lat' dir='ltr'><strong>metaphoram</strong></span> <span class='ocrx_word' id='word_1_34' title='bbox 651 888 769 955; x_wconf 90' lang='lat' dir='ltr'><strong>Solone</strong></span> <span class='ocrx_word' id='word_1_35' title='bbox 792 895 899 973; x_wconf 67' lang='lat' dir='ltr'><strong>poeta,</strong></span> <span class='ocrx_word' id='word_1_36' title='bbox 923 896 961 956; x_wconf 91' lang='lat' dir='ltr'><strong>ut</strong></span> <span class='ocrx_word' id='word_1_37' title='bbox 984 893 1108 976; x_wconf 85' lang='lat' dir='ltr'><strong>opinor,</strong></span> <span class='ocrx_word' id='word_1_38' title='bbox 1133 915 1198 958; x_wconf 91' lang='lat' dir='ltr'><strong>non</strong></span> <span class='ocrx_word' id='word_1_39' title='bbox 1222 893 1397 980; x_wconf 81' lang='lat' dir='ltr'><strong>indignam,</strong></span> 
     </span>
    </p>
   </div>
   <div class='ocr_carea' id='block_1_3' title="bbox 278 1001 1552 1958">
    <p class='ocr_par' dir='ltr' id='par_1_3' title="bbox 278 1001 1552 1958">
     <span class='ocr_line' id='line_1_6' title="bbox 386 1001 1186 1090; baseline 0.004 -20"><span class='ocrx_word' id='word_1_40' title='bbox 386 1005 433 1070; x_wconf 80' lang='lat'><strong>12.</strong></span> <span class='ocrx_word' id='word_1_41' title='bbox 458 1001 575 1070; x_wconf 87' lang='lat' dir='ltr'><strong>Nonne</strong></span> <span class='ocrx_word' id='word_1_42' title='bbox 599 1005 711 1072; x_wconf 87' lang='lat' dir='ltr'><strong>Soloni</strong></span> <span class='ocrx_word' id='word_1_43' title='bbox 735 1009 942 1090; x_wconf 76' lang='lat' dir='ltr'><strong>componenti</strong></span> <span class='ocrx_word' id='word_1_44' title='bbox 964 1009 1003 1075; x_wconf 88' lang='lat' dir='ltr'><strong>fr.</strong></span> <span class='ocrx_word' id='word_1_45' title='bbox 1030 1006 1069 1073; x_wconf 88' lang='grc'><strong>13</strong></span> <span class='ocrx_word' id='word_1_46' title='bbox 1094 1034 1120 1075; x_wconf 89' lang='grc' dir='ltr'><strong>ν.</strong></span> <span class='ocrx_word' id='word_1_47' title='bbox 1145 1007 1186 1073; x_wconf 86' lang='grc'><strong>31</strong></span> 
     </span>
     <span class='ocr_line' id='line_1_7' title="bbox 567 1108 1506 1201; baseline 0.011 -28"><span class='ocrx_word' id='word_1_48' title='bbox 567 1108 676 1196; x_wconf 80' lang='grc' dir='ltr'>χῶστις</span> <span class='ocrx_word' id='word_1_49' title='bbox 699 1116 750 1199; x_wconf 87' lang='grc' dir='ltr'>μέν</span> <span class='ocrx_word' id='word_1_50' title='bbox 772 1115 913 1177; x_wconf 84' lang='grc' dir='ltr'>νοθσοισιν</span> <span class='ocrx_word' id='word_1_51' title='bbox 936 1110 982 1178; x_wconf 77' lang='grc' dir='ltr'>ὑπ’</span> <span class='ocrx_word' id='word_1_52' title='bbox 1006 1114 1167 1199; x_wconf 71' lang='grc' dir='ltr'>ἀργαλέῃσι</span> <span class='ocrx_word' id='word_1_53' title='bbox 1189 1119 1297 1200; x_wconf 85' lang='grc' dir='ltr'>πιεσθῄ</span> <span class='ocrx_word' id='word_1_54' title='bbox 1321 1117 1374 1197; x_wconf 83' lang='lat' dir='ltr'><strong>(cl.</strong></span> <span class='ocrx_word' id='word_1_55' title='bbox 1400 1142 1428 1184; x_wconf 85' lang='grc' dir='ltr'><strong>ν,</strong></span> <span class='ocrx_word' id='word_1_56' title='bbox 1455 1115 1506 1201; x_wconf 91' lang='grc'><strong>61)</strong></span> 
     </span>
     <span class='ocr_line' id='line_1_8' title="bbox 279 1216 940 1289; baseline 0.014 -9"><span class='ocrx_word' id='word_1_57' title='bbox 279 1216 320 1280; x_wconf 93' lang='lat' dir='ltr'><strong>ob</strong></span> <span class='ocrx_word' id='word_1_58' title='bbox 343 1217 455 1282; x_wconf 83' lang='lat' dir='ltr'><strong>oculos</strong></span> <span class='ocrx_word' id='word_1_59' title='bbox 478 1219 667 1285; x_wconf 73' lang='lat' dir='ltr'><strong>versabatur</strong></span> <span class='ocrx_word' id='word_1_60' title='bbox 690 1243 800 1286; x_wconf 84' lang='lat' dir='ltr'><strong>versus</strong></span> <span class='ocrx_word' id='word_1_61' title='bbox 823 1219 853 1284; x_wconf 94' lang='lat' dir='ltr'><strong>N</strong></span> <span class='ocrx_word' id='word_1_62' title='bbox 878 1226 940 1289; x_wconf 89' lang='grc'><strong>661</strong></span> 
     </span>
     <span class='ocr_line' id='line_1_9' title="bbox 567 1323 1358 1416; baseline 0.008 -27"><span class='ocrx_word' id='word_1_63' title='bbox 567 1328 661 1408; x_wconf 82' lang='grc' dir='ltr'>νοόσιρ</span> <span class='ocrx_word' id='word_1_64' title='bbox 684 1323 731 1390; x_wconf 77' lang='grc' dir='ltr'>ὑπ’</span> <span class='ocrx_word' id='word_1_65' title='bbox 754 1325 889 1412; x_wconf 75' lang='grc' dir='ltr'>ἀρχαλέρ</span> <span class='ocrx_word' id='word_1_66' title='bbox 912 1331 1044 1416; x_wconf 77' lang='grc' dir='ltr'>φθίσθαι</span> <span class='ocrx_word' id='word_1_67' title='bbox 1067 1327 1110 1401; x_wconf 78' lang='grc' dir='ltr'><strong>οἷς</strong></span> <span class='ocrx_word' id='word_1_68' title='bbox 1132 1327 1163 1392; x_wconf 86' lang='grc' dir='ltr'>έν</span> <span class='ocrx_word' id='word_1_69' title='bbox 1186 1329 1358 1414; x_wconf 63' lang='lat' dir='ltr'><strong>perciperet?</strong></span> 
     </span>
     <span class='ocr_line' id='line_1_10' title="bbox 279 1430 1552 1524; baseline 0.004 -29"><span class='ocrx_word' id='word_1_70' title='bbox 279 1430 361 1506; x_wconf 79' lang='lat' dir='ltr'><strong>Quid</strong></span> <span class='ocrx_word' id='word_1_71' title='bbox 392 1433 500 1498; x_wconf 81' lang='lat' dir='ltr'><strong>enim?</strong></span> <span class='ocrx_word' id='word_1_72' title='bbox 534 1433 669 1500; x_wconf 82' lang='lat' dir='ltr'><strong>Formae</strong></span> <span class='ocrx_word' id='word_1_73' title='bbox 699 1437 788 1501; x_wconf 86' lang='lat' dir='ltr'><strong>verbi</strong></span> <span class='ocrx_word' id='word_1_74' title='bbox 817 1433 922 1510; x_wconf 70' lang='grc' dir='ltr'>πιέζειν</span> <span class='ocrx_word' id='word_1_75' title='bbox 951 1441 1080 1519; x_wconf 87' lang='lat' dir='ltr'><strong>praeter</strong></span> <span class='ocrx_word' id='word_1_76' title='bbox 1107 1433 1200 1509; x_wconf 71' lang='grc' dir='ltr'>ἐπίεζε</span> <span class='ocrx_word' id='word_1_77' title='bbox 1229 1435 1270 1524; x_wconf 89' lang='lat' dir='ltr'><strong>(ll</strong></span> <span class='ocrx_word' id='word_1_78' title='bbox 1295 1435 1370 1524; x_wconf 84' lang='lat'>510)</span> <span class='ocrx_word' id='word_1_79' title='bbox 1400 1460 1552 1522; x_wconf 85' lang='lat' dir='ltr'><strong>nusquam</strong></span> 
     </span>
     <span class='ocr_line' id='line_1_11' title="bbox 278 1541 1416 1622; baseline 0.006 -20"><span class='ocrx_word' id='word_1_80' title='bbox 278 1560 343 1602; x_wconf 92' lang='lat' dir='ltr'><strong>non</strong></span> <span class='ocrx_word' id='word_1_81' title='bbox 368 1541 544 1604; x_wconf 87' lang='lat' dir='ltr'><strong>extremum</strong></span> <span class='ocrx_word' id='word_1_82' title='bbox 568 1541 675 1606; x_wconf 90' lang='lat' dir='ltr'><strong>locum</strong></span> <span class='ocrx_word' id='word_1_83' title='bbox 698 1565 849 1608; x_wconf 85' lang='lat' dir='ltr'><strong>versuum</strong></span> <span class='ocrx_word' id='word_1_84' title='bbox 874 1543 1120 1608; x_wconf 86' lang='lat' dir='ltr'><strong>Homericorurn</strong></span> <span class='ocrx_word' id='word_1_85' title='bbox 1144 1544 1303 1622; x_wconf 75' lang='lat' dir='ltr'><strong>obtinent,</strong></span> <span class='ocrx_word' id='word_1_86' title='bbox 1326 1545 1416 1611; x_wconf 89' lang='lat' dir='ltr'><strong>velut</strong></span> 
     </span>
     <span class='ocr_line' id='line_1_12' title="bbox 429 1635 1478 1734; baseline 0.007 -27"><span class='ocrx_word' id='word_1_87' title='bbox 429 1645 452 1707; x_wconf 91' lang='grc' dir='ltr'>θ</span> <span class='ocrx_word' id='word_1_88' title='bbox 476 1643 583 1731; x_wconf 83' lang='grc' dir='ltr'><strong>33θή</strong></span> <span class='ocrx_word' id='word_1_89' title='bbox 607 1643 645 1731; x_wconf 80' lang='grc' dir='ltr'><strong>ῥά</strong></span> <span class='ocrx_word' id='word_1_90' title='bbox 668 1669 718 1712; x_wconf 86' lang='grc' dir='ltr'><strong>κεν</strong></span> <span class='ocrx_word' id='word_1_91' title='bbox 742 1647 771 1712; x_wconf 86' lang='grc' dir='ltr'>έν</span> <span class='ocrx_word' id='word_1_92' title='bbox 795 1649 915 1732; x_wconf 87' lang='grc' dir='ltr'>δεσμοῖς</span> <span class='ocrx_word' id='word_1_93' title='bbox 938 1646 1055 1721; x_wconf 80' lang='grc' dir='ltr'><strong>ἐθέλοις</strong></span> <span class='ocrx_word' id='word_1_94' title='bbox 1077 1659 1242 1734; x_wconf 78' lang='grc' dir='ltr'>κρατεροῖσι</span> <span class='ocrx_word' id='word_1_95' title='bbox 1265 1652 1405 1723; x_wconf 81' lang='grc' dir='ltr'>πιεσθείς,</span> <span class='ocrx_word' id='word_1_96' title='bbox 1475 1635 1478 1644; x_wconf 64' lang='grc'>’</span> 
     </span>
     <span class='ocr_line' id='line_1_13' title="bbox 384 1763 1284 1836; baseline 0.001 -6"><span class='ocrx_word' id='word_1_97' title='bbox 384 1765 431 1830; x_wconf 88' lang='grc'><strong>13.</strong></span> <span class='ocrx_word' id='word_1_98' title='bbox 455 1763 624 1830; x_wconf 80' lang='lat' dir='ltr'><strong>Glausulae</strong></span> <span class='ocrx_word' id='word_1_99' title='bbox 646 1770 726 1830; x_wconf 86' lang='grc' dir='ltr'>κατὰ</span> <span class='ocrx_word' id='word_1_100' title='bbox 748 1771 851 1830; x_wconf 79' lang='grc' dir='ltr'>πόντον</span> <span class='ocrx_word' id='word_1_101' title='bbox 875 1764 988 1829; x_wconf 86' lang='grc' dir='ltr'>ἀλᾶται.</span> <span class='ocrx_word' id='word_1_102' title='bbox 1004 1768 1037 1831; x_wconf 91' lang='lat' dir='ltr'><strong>in</strong></span> <span class='ocrx_word' id='word_1_103' title='bbox 1060 1767 1099 1834; x_wconf 89' lang='lat' dir='ltr'><strong>fr.</strong></span> <span class='ocrx_word' id='word_1_104' title='bbox 1124 1765 1164 1830; x_wconf 82' lang='lat'><strong>13</strong></span> <span class='ocrx_word' id='word_1_105' title='bbox 1187 1791 1216 1836; x_wconf 82' lang='lat' dir='ltr'><strong>v,</strong></span> <span class='ocrx_word' id='word_1_106' title='bbox 1241 1765 1284 1831; x_wconf 79' lang='grc'><strong>43</strong></span> 
     </span>
     <span class='ocr_line' id='line_1_14' title="bbox 564 1869 1488 1958; baseline 0.001 -24"><span class='ocrx_word' id='word_1_107' title='bbox 564 1871 680 1934; x_wconf 84' lang='grc' dir='ltr'>σπεόδει</span> <span class='ocrx_word' id='word_1_108' title='bbox 702 1869 728 1934; x_wconf 88' lang='grc' dir='ltr'><strong>δ’</strong></span> <span class='ocrx_word' id='word_1_109' title='bbox 743 1871 875 1940; x_wconf 78' lang='grc' dir='ltr'>ἄλλοθεν</span> <span class='ocrx_word' id='word_1_110' title='bbox 900 1872 1014 1945; x_wconf 83' lang='grc' dir='ltr'>ἄλλος·</span> <span class='ocrx_word' id='word_1_111' title='bbox 1040 1870 1055 1935; x_wconf 88' lang='grc' dir='ltr'>ό</span> <span class='ocrx_word' id='word_1_112' title='bbox 1080 1877 1131 1958; x_wconf 86' lang='grc' dir='ltr'>μέν</span> <span class='ocrx_word' id='word_1_113' title='bbox 1154 1879 1232 1936; x_wconf 76' lang='grc' dir='ltr'>κατα.</span> <span class='ocrx_word' id='word_1_114' title='bbox 1256 1878 1356 1936; x_wconf 86' lang='grc' dir='ltr'>πόντον</span> <span class='ocrx_word' id='word_1_115' title='bbox 1380 1872 1488 1936; x_wconf 82' lang='grc' dir='ltr'>ἀλᾶται</span> 
     </span>
    </p>
   </div>
   <div class='ocr_carea' id='block_1_4' title="bbox 153 1979 1112 2065">
    <p class='ocr_par' dir='ltr' id='par_1_4' title="bbox 153 1979 1112 2065">
     <span class='ocr_line' id='line_1_15' title="bbox 153 1979 1112 2065; baseline 0.004 -24"><span class='ocrx_word' id='word_1_116' title='bbox 153 2027 154 2032; x_wconf 33' lang='lat'>1</span> <span class='ocrx_word' id='word_1_117' title='bbox 276 1983 424 2044; x_wconf 85' lang='lat' dir='ltr'><strong>auctores</strong></span> <span class='ocrx_word' id='word_1_118' title='bbox 448 1979 547 2044; x_wconf 87' lang='lat' dir='ltr'><strong>fuisse</strong></span> <span class='ocrx_word' id='word_1_119' title='bbox 570 1980 720 2044; x_wconf 87' lang='lat' dir='ltr'><strong>videntur</strong></span> <span class='ocrx_word' id='word_1_120' title='bbox 743 1981 777 2045; x_wconf 94' lang='lat' dir='ltr'><strong>bi</strong></span> <span class='ocrx_word' id='word_1_121' title='bbox 801 2003 911 2046; x_wconf 86' lang='lat' dir='ltr'><strong>versus</strong></span> <span class='ocrx_word' id='word_1_122' title='bbox 935 1980 1112 2065; x_wconf 84' lang='lat' dir='ltr'><strong>Odysseae:</strong></span> 
     </span>
    </p>
   </div>
   <div class='ocr_carea' id='block_1_5' title="bbox 272 2081 1640 4950">
    <p class='ocr_par' dir='ltr' id='par_1_5' title="bbox 430 2081 1445 2388">
     <span class='ocr_line' id='line_1_16' title="bbox 435 2081 1398 2154; baseline 0 -6"><span class='ocrx_word' id='word_1_123' title='bbox 435 2109 449 2148; x_wconf 87' lang='grc' dir='ltr'><strong>ε</strong></span> <span class='ocrx_word' id='word_1_124' title='bbox 473 2091 535 2154; x_wconf 92' lang='grc'><strong>311</strong></span> <span class='ocrx_word' id='word_1_125' title='bbox 561 2081 637 2149; x_wconf 69' lang='grc' dir='ltr'>οὕτω</span> <span class='ocrx_word' id='word_1_126' title='bbox 660 2095 707 2149; x_wconf 83' lang='grc' dir='ltr'><strong>νῦν</strong></span> <span class='ocrx_word' id='word_1_127' title='bbox 730 2091 814 2150; x_wconf 87' lang='grc' dir='ltr'><strong>κακά</strong></span> <span class='ocrx_word' id='word_1_128' title='bbox 836 2087 936 2150; x_wconf 83' lang='grc' dir='ltr'>πολλὰ</span> <span class='ocrx_word' id='word_1_129' title='bbox 958 2088 1065 2149; x_wconf 85' lang='grc' dir='ltr'>παθὼν</span> <span class='ocrx_word' id='word_1_130' title='bbox 1090 2085 1171 2151; x_wconf 89' lang='grc' dir='ltr'>ἀλόω</span> <span class='ocrx_word' id='word_1_131' title='bbox 1195 2096 1274 2151; x_wconf 86' lang='grc' dir='ltr'>κατὰ</span> <span class='ocrx_word' id='word_1_132' title='bbox 1296 2092 1398 2150; x_wconf 81' lang='grc' dir='ltr'>πόντον</span> 
     </span>
     <span class='ocr_line' id='line_1_17' title="bbox 433 2189 1445 2280; baseline -0.005 -20"><span class='ocrx_word' id='word_1_133' title='bbox 433 2194 449 2274; x_wconf 87' lang='grc' dir='ltr'><strong>β</strong></span> <span class='ocrx_word' id='word_1_134' title='bbox 474 2197 539 2260; x_wconf 88' lang='grc'><strong>310</strong></span> <span class='ocrx_word' id='word_1_135' title='bbox 562 2190 665 2256; x_wconf 86' lang='grc' dir='ltr'>πόντον</span> <span class='ocrx_word' id='word_1_136' title='bbox 689 2189 733 2256; x_wconf 82' lang='grc' dir='ltr'>ἐπ’</span> <span class='ocrx_word' id='word_1_137' title='bbox 756 2192 909 2278; x_wconf 76' lang='grc' dir='ltr'>ἀτρόχετον</span> <span class='ocrx_word' id='word_1_138' title='bbox 932 2199 1016 2258; x_wconf 88' lang='grc' dir='ltr'>κακὰ</span> <span class='ocrx_word' id='word_1_139' title='bbox 1039 2199 1163 2280; x_wconf 88' lang='grc' dir='ltr'>πάσχειν</span> <span class='ocrx_word' id='word_1_140' title='bbox 1186 2191 1246 2258; x_wconf 73' lang='grc' dir='ltr'>οὔδ’</span> <span class='ocrx_word' id='word_1_141' title='bbox 1270 2194 1445 2279; x_wconf 77' lang='grc' dir='ltr'>ἀλάλησθαι</span> 
     </span>
     <span class='ocr_line' id='line_1_18' title="bbox 430 2297 1389 2388; baseline -0.001 -21"><span class='ocrx_word' id='word_1_142' title='bbox 430 2322 449 2385; x_wconf 87' lang='grc' dir='ltr'><strong>η</strong></span> <span class='ocrx_word' id='word_1_143' title='bbox 474 2306 537 2367; x_wconf 83' lang='grc'><strong>239</strong></span> <span class='ocrx_word' id='word_1_144' title='bbox 563 2307 597 2364; x_wconf 84' lang='lat' dir='ltr'><strong>ob</strong></span> <span class='ocrx_word' id='word_1_145' title='bbox 620 2301 658 2386; x_wconf 80' lang='grc' dir='ltr'><strong>δὴ</strong></span> <span class='ocrx_word' id='word_1_146' title='bbox 682 2304 741 2388; x_wconf 72' lang='grc' dir='ltr'><strong>φῂς</strong></span> <span class='ocrx_word' id='word_1_147' title='bbox 765 2297 811 2364; x_wconf 80' lang='grc' dir='ltr'>ἐπὶ</span> <span class='ocrx_word' id='word_1_148' title='bbox 834 2305 937 2364; x_wconf 84' lang='grc' dir='ltr'>πόντον</span> <span class='ocrx_word' id='word_1_149' title='bbox 961 2300 1113 2387; x_wconf 81' lang='grc' dir='ltr'>ἀλώμενος</span> <span class='ocrx_word' id='word_1_150' title='bbox 1136 2299 1236 2365; x_wconf 82' lang='grc' dir='ltr'>ἐνθάδ’</span> <span class='ocrx_word' id='word_1_151' title='bbox 1258 2298 1389 2366; x_wconf 80' lang='grc' dir='ltr'>ἱκέσθαι.</span> 
     </span>
    </p>

    <p class='ocr_par' dir='ltr' id='par_1_6' title="bbox 274 2405 1549 2582">
     <span class='ocr_line' id='line_1_19' title="bbox 380 2405 1549 2496; baseline -0.002 -22"><span class='ocrx_word' id='word_1_152' title='bbox 380 2412 430 2474; x_wconf 82' lang='lat'><strong>14.</strong></span> <span class='ocrx_word' id='word_1_153' title='bbox 452 2409 545 2484; x_wconf 75' lang='lat' dir='ltr'><strong>Quod</strong></span> <span class='ocrx_word' id='word_1_154' title='bbox 579 2411 612 2473; x_wconf 91' lang='lat' dir='ltr'><strong>in</strong></span> <span class='ocrx_word' id='word_1_155' title='bbox 644 2409 773 2476; x_wconf 87' lang='lat' dir='ltr'><strong>Solonis</strong></span> <span class='ocrx_word' id='word_1_156' title='bbox 806 2410 965 2492; x_wconf 73' lang='lat' dir='ltr'><strong>potmatis</strong></span> <span class='ocrx_word' id='word_1_157' title='bbox 1000 2405 1101 2473; x_wconf 79' lang='grc' dir='ltr'>οἴκαδε</span> <span class='ocrx_word' id='word_1_158' title='bbox 1135 2411 1297 2496; x_wconf 85' lang='lat' dir='ltr'><strong>digamma</strong></span> <span class='ocrx_word' id='word_1_159' title='bbox 1330 2411 1393 2474; x_wconf 88' lang='lat' dir='ltr'><strong>iam</strong></span> <span class='ocrx_word' id='word_1_160' title='bbox 1428 2409 1549 2482; x_wconf 81' lang='lat' dir='ltr'><strong>abiecit,</strong></span> 
     </span>
     <span class='ocr_line' id='line_1_20' title="bbox 274 2515 542 2582; baseline 0.004 -2"><span class='ocrx_word' id='word_1_161' title='bbox 274 2515 467 2582; x_wconf 87' lang='lat' dir='ltr'><strong>documento</strong></span> <span class='ocrx_word' id='word_1_162' title='bbox 491 2520 542 2581; x_wconf 87' lang='lat' dir='ltr'><strong>est</strong></span> 
     </span>
    </p>

    <p class='ocr_par' dir='ltr' id='par_1_7' title="bbox 274 2619 1324 2813">
     <span class='ocr_line' id='line_1_21' title="bbox 402 2619 1324 2710; baseline -0.005 -23"><span class='ocrx_word' id='word_1_163' title='bbox 402 2623 441 2690; x_wconf 82' lang='lat' dir='ltr'><strong>fr.</strong></span> <span class='ocrx_word' id='word_1_164' title='bbox 468 2629 530 2704; x_wconf 79' lang='grc' dir='ltr'>4,ιι</span> <span class='ocrx_word' id='word_1_165' title='bbox 558 2619 634 2687; x_wconf 70' lang='grc' dir='ltr'>οὕτω</span> <span class='ocrx_word' id='word_1_166' title='bbox 657 2621 798 2710; x_wconf 80' lang='grc' dir='ltr'>δημόσιον</span> <span class='ocrx_word' id='word_1_167' title='bbox 821 2625 917 2686; x_wconf 87' lang='grc' dir='ltr'>κακὸν</span> <span class='ocrx_word' id='word_1_168' title='bbox 940 2622 1058 2708; x_wconf 83' lang='grc' dir='ltr'>ἔρχεται</span> <span class='ocrx_word' id='word_1_169' title='bbox 1080 2621 1176 2686; x_wconf 76' lang='grc' dir='ltr'>οἴκαδ’</span> <span class='ocrx_word' id='word_1_170' title='bbox 1199 2621 1324 2705; x_wconf 78' lang='grc' dir='ltr'>ἑκάστῳ,</span> 
     </span>
     <span class='ocr_line' id='line_1_22' title="bbox 274 2731 1202 2813; baseline -0.002 -17"><span class='ocrx_word' id='word_1_171' title='bbox 274 2753 345 2795; x_wconf 88' lang='lat' dir='ltr'><strong>eum</strong></span> <span class='ocrx_word' id='word_1_172' title='bbox 370 2732 512 2796; x_wconf 85' lang='lat' dir='ltr'><strong>litteram</strong></span> <span class='ocrx_word' id='word_1_173' title='bbox 536 2732 702 2796; x_wconf 85' lang='lat' dir='ltr'><strong>Aeolicam</strong></span> <span class='ocrx_word' id='word_1_174' title='bbox 725 2731 958 2796; x_wconf 88' lang='lat' dir='ltr'><strong>restituendam</strong></span> <span class='ocrx_word' id='word_1_175' title='bbox 982 2755 1046 2795; x_wconf 90' lang='lat' dir='ltr'><strong>non</strong></span> <span class='ocrx_word' id='word_1_176' title='bbox 1070 2737 1202 2813; x_wconf 89' lang='lat' dir='ltr'><strong>respuat</strong></span> 
     </span>
    </p>

    <p class='ocr_par' dir='ltr' id='par_1_8' title="bbox 274 2835 1640 3138">
     <span class='ocr_line' id='line_1_23' title="bbox 344 2835 1222 2924; baseline -0.003 -20"><span class='ocrx_word' id='word_1_177' title='bbox 344 2839 383 2908; x_wconf 86' lang='lat' dir='ltr'><strong>fr.</strong></span> <span class='ocrx_word' id='word_1_178' title='bbox 396 2837 437 2904; x_wconf 86' lang='grc'><strong>13</strong></span> <span class='ocrx_word' id='word_1_179' title='bbox 448 2838 536 2908; x_wconf 60' lang='lat' dir='ltr'><strong>vll</strong></span> <span class='ocrx_word' id='word_1_180' title='bbox 560 2837 589 2902; x_wconf 89' lang='grc' dir='ltr'><strong>ἐν</strong></span> <span class='ocrx_word' id='word_1_181' title='bbox 613 2842 710 2924; x_wconf 85' lang='grc' dir='ltr'>νηυσὶν</span> <span class='ocrx_word' id='word_1_182' title='bbox 733 2841 854 2922; x_wconf 74' lang='grc' dir='ltr'>χρῄζων</span> <span class='ocrx_word' id='word_1_183' title='bbox 877 2835 979 2900; x_wconf 75' lang='grc' dir='ltr'>οἴκαδε</span> <span class='ocrx_word' id='word_1_184' title='bbox 1003 2837 1112 2921; x_wconf 80' lang='grc' dir='ltr'>κέρδος</span> <span class='ocrx_word' id='word_1_185' title='bbox 1135 2835 1222 2917; x_wconf 76' lang='grc' dir='ltr'>ἄγειν.</span> 
     </span>
     <span class='ocr_line' id='line_1_24' title="bbox 274 2940 1640 3028; baseline -0.004 -19"><span class='ocrx_word' id='word_1_186' title='bbox 274 2946 370 3010; x_wconf 84' lang='lat' dir='ltr'><strong>Tanti</strong></span> <span class='ocrx_word' id='word_1_187' title='bbox 404 2969 472 3012; x_wconf 88' lang='lat' dir='ltr'><strong>esse</strong></span> <span class='ocrx_word' id='word_1_188' title='bbox 505 2947 653 3013; x_wconf 87' lang='lat' dir='ltr'><strong>existimo</strong></span> <span class='ocrx_word' id='word_1_189' title='bbox 686 2969 816 3012; x_wconf 89' lang='lat' dir='ltr'><strong>mouere</strong></span> <span class='ocrx_word' id='word_1_190' title='bbox 848 2947 882 3010; x_wconf 93' lang='lat' dir='ltr'><strong>in</strong></span> <span class='ocrx_word' id='word_1_191' title='bbox 914 2946 1021 3028; x_wconf 90' lang='lat' dir='ltr'><strong>priore</strong></span> <span class='ocrx_word' id='word_1_192' title='bbox 1052 2969 1146 3010; x_wconf 82' lang='lat' dir='ltr'><strong>versu</strong></span> <span class='ocrx_word' id='word_1_193' title='bbox 1179 2946 1365 3010; x_wconf 82' lang='lat' dir='ltr'><strong>adverbium</strong></span> <span class='ocrx_word' id='word_1_194' title='bbox 1398 2940 1491 3006; x_wconf 81' lang='grc' dir='ltr'>οἴκαδ’</span> <span class='ocrx_word' id='word_1_195' title='bbox 1518 2943 1549 3005; x_wconf 92' lang='lat' dir='ltr'><strong>in</strong></span> <span class='ocrx_word' id='word_1_196' title='bbox 1639 2941 1640 2970; x_wconf 56' lang='grc'>1</span> 
     </span>
     <span class='ocr_line' id='line_1_25' title="bbox 274 3052 1308 3138; baseline 0.001 -21"><span class='ocrx_word' id='word_1_197' title='bbox 274 3055 388 3138; x_wconf 85' lang='lat' dir='ltr'><strong>quinta</strong></span> <span class='ocrx_word' id='word_1_198' title='bbox 410 3055 485 3119; x_wconf 89' lang='lat' dir='ltr'><strong>sede</strong></span> <span class='ocrx_word' id='word_1_199' title='bbox 507 3056 649 3137; x_wconf 91' lang='lat' dir='ltr'><strong>positum</strong></span> <span class='ocrx_word' id='word_1_200' title='bbox 674 3077 754 3128; x_wconf 87' lang='lat' dir='ltr'><strong>esse,</strong></span> <span class='ocrx_word' id='word_1_201' title='bbox 778 3059 815 3118; x_wconf 92' lang='lat' dir='ltr'><strong>ut</strong></span> <span class='ocrx_word' id='word_1_202' title='bbox 838 3075 934 3135; x_wconf 86' lang='lat' dir='ltr'><strong>saepe</strong></span> <span class='ocrx_word' id='word_1_203' title='bbox 958 3054 1043 3135; x_wconf 88' lang='lat' dir='ltr'><strong>apud</strong></span> <span class='ocrx_word' id='word_1_204' title='bbox 1067 3052 1242 3117; x_wconf 90' lang='lat' dir='ltr'><strong>Homerum</strong></span> <span class='ocrx_word' id='word_1_205' title='bbox 1269 3053 1308 3118; x_wconf 79' lang='lat' dir='ltr'><strong>cf,</strong></span> 
     </span>
    </p>

    <p class='ocr_par' dir='ltr' id='par_1_9' title="bbox 434 3155 1437 3248">
     <span class='ocr_line' id='line_1_26' title="bbox 434 3155 1437 3248; baseline -0.005 -25"><span class='ocrx_word' id='word_1_206' title='bbox 434 3159 457 3223; x_wconf 84' lang='grc' dir='ltr'><strong><em>Γ</em></strong></span> <span class='ocrx_word' id='word_1_207' title='bbox 482 3167 545 3228; x_wconf 82' lang='grc'><strong>404</strong></span> <span class='ocrx_word' id='word_1_208' title='bbox 568 3167 692 3248; x_wconf 80' lang='grc' dir='ltr'>νικήσας</span> <span class='ocrx_word' id='word_1_209' title='bbox 716 3159 816 3224; x_wconf 79' lang='grc' dir='ltr'>ἐθέλει</span> <span class='ocrx_word' id='word_1_210' title='bbox 839 3162 981 3244; x_wconf 71' lang='grc' dir='ltr'>στυγερὴν</span> <span class='ocrx_word' id='word_1_211' title='bbox 1005 3157 1057 3244; x_wconf 79' lang='grc' dir='ltr'><strong>ἐμὲ</strong></span> <span class='ocrx_word' id='word_1_212' title='bbox 1172 3155 1286 3226; x_wconf 61' lang='lat' dir='ltr'><strong>minat</strong></span> <span class='ocrx_word' id='word_1_213' title='bbox 1310 3157 1437 3237; x_wconf 76' lang='grc' dir='ltr'>ἄγεσθαι</span> 
     </span>
    </p>

    <p class='ocr_par' dir='ltr' id='par_1_10' title="bbox 457 3262 1437 3355">
     <span class='ocr_line' id='line_1_27' title="bbox 457 3262 1437 3355; baseline -0.006 -24"><span class='ocrx_word' id='word_1_214' title='bbox 457 3289 476 3331; x_wconf 90' lang='grc' dir='ltr'>κ</span> <span class='ocrx_word' id='word_1_215' title='bbox 501 3274 543 3336; x_wconf 85' lang='grc'><strong>35</strong></span> <span class='ocrx_word' id='word_1_216' title='bbox 566 3267 622 3331; x_wconf 75' lang='grc' dir='ltr'>καί</span> <span class='ocrx_word' id='word_1_217' title='bbox 630 3268 661 3353; x_wconf 93' lang='grc' dir='ltr'><strong>μ’</strong></span> <span class='ocrx_word' id='word_1_218' title='bbox 674 3267 787 3355; x_wconf 80' lang='grc' dir='ltr'>έμασαν</span> <span class='ocrx_word' id='word_1_219' title='bbox 799 3264 911 3353; x_wconf 90' lang='grc' dir='ltr'>χρυσόν</span> <span class='ocrx_word' id='word_1_220' title='bbox 924 3269 1018 3328; x_wconf 80' lang='grc' dir='ltr'>τεκαὶ</span> <span class='ocrx_word' id='word_1_221' title='bbox 1030 3266 1156 3349; x_wconf 80' lang='grc' dir='ltr'>ἀργυρον</span> <span class='ocrx_word' id='word_1_222' title='bbox 1171 3262 1285 3332; x_wconf 62' lang='lat' dir='ltr'><strong>roam</strong></span> <span class='ocrx_word' id='word_1_223' title='bbox 1309 3263 1437 3342; x_wconf 76' lang='grc' dir='ltr'>ἀγεσθαι</span> 
     </span>
    </p>

    <p class='ocr_par' dir='ltr' id='par_1_11' title="bbox 420 3368 1434 3460">
     <span class='ocr_line' id='line_1_28' title="bbox 420 3368 1434 3460; baseline -0.006 -21"><span class='ocrx_word' id='word_1_224' title='bbox 420 3376 451 3444; x_wconf 85' lang='lat' dir='ltr'><strong>h,</strong></span> <span class='ocrx_word' id='word_1_225' title='bbox 478 3380 538 3454; x_wconf 86' lang='grc' dir='ltr'>5,ιι</span> <span class='ocrx_word' id='word_1_226' title='bbox 567 3372 635 3437; x_wconf 85' lang='grc' dir='ltr'>εἶναι</span> <span class='ocrx_word' id='word_1_227' title='bbox 658 3373 808 3460; x_wconf 77' lang='grc' dir='ltr'>κουριδίην</span> <span class='ocrx_word' id='word_1_228' title='bbox 833 3373 945 3458; x_wconf 83' lang='grc' dir='ltr'>ἄλοχον</span> <span class='ocrx_word' id='word_1_229' title='bbox 967 3376 1020 3435; x_wconf 80' lang='grc' dir='ltr'>καὶ</span> <span class='ocrx_word' id='word_1_230' title='bbox 1170 3368 1285 3438; x_wconf 60' lang='grc' dir='ltr'>κοὶκαδ</span> <span class='ocrx_word' id='word_1_231' title='bbox 1308 3370 1434 3451; x_wconf 78' lang='grc' dir='ltr'>ἄγεσθαι</span> 
     </span>
    </p>

    <p class='ocr_par' dir='ltr' id='par_1_12' title="bbox 437 3475 1429 3567">
     <span class='ocr_line' id='line_1_29' title="bbox 437 3475 1429 3567; baseline -0.007 -22"><span class='ocrx_word' id='word_1_232' title='bbox 437 3503 453 3545; x_wconf 93' lang='grc' dir='ltr'>ο</span> <span class='ocrx_word' id='word_1_233' title='bbox 478 3486 542 3548; x_wconf 82' lang='grc'><strong>436</strong></span> <span class='ocrx_word' id='word_1_234' title='bbox 567 3477 647 3565; x_wconf 80' lang='grc' dir='ltr'>όρκιρ</span> <span class='ocrx_word' id='word_1_235' title='bbox 670 3483 852 3567; x_wconf 79' lang='grc' dir='ltr'>πιστωθῆναι</span> <span class='ocrx_word' id='word_1_236' title='bbox 876 3479 1016 3564; x_wconf 77' lang='grc' dir='ltr'>ἀπήμονα</span> <span class='ocrx_word' id='word_1_237' title='bbox 1105 3549 1106 3554; x_wconf 13' lang='lat'>1</span> <span class='ocrx_word' id='word_1_238' title='bbox 1142 3475 1171 3563; x_wconf 93' lang='grc' dir='ltr'><strong>μ’</strong></span> <span class='ocrx_word' id='word_1_239' title='bbox 1194 3475 1288 3540; x_wconf 75' lang='grc' dir='ltr'>οἴκαδ’</span> <span class='ocrx_word' id='word_1_240' title='bbox 1312 3475 1429 3549; x_wconf 78' lang='grc' dir='ltr'>ἀπάξειν</span> 
     </span>
    </p>

    <p class='ocr_par' dir='ltr' id='par_1_13' title="bbox 1131 3581 1448 3670">
     <span class='ocr_line' id='line_1_30' title="bbox 1131 3581 1448 3670; baseline -0.006 -20"><span class='ocrx_word' id='word_1_241' title='bbox 1131 3582 1173 3668; x_wconf 83' lang='grc' dir='ltr'><strong>(μ’</strong></span> <span class='ocrx_word' id='word_1_242' title='bbox 1196 3585 1289 3650; x_wconf 92' lang='lat' dir='ltr'><strong>eiecit</strong></span> <span class='ocrx_word' id='word_1_243' title='bbox 1312 3581 1448 3670; x_wconf 82' lang='lat' dir='ltr'><strong>Bekker)</strong></span> 
     </span>
    </p>

    <p class='ocr_par' dir='ltr' id='par_1_14' title="bbox 272 3688 1549 4199">
     <span class='ocr_line' id='line_1_31' title="bbox 377 3688 1446 3780; baseline -0.004 -24"><span class='ocrx_word' id='word_1_244' title='bbox 377 3693 400 3756; x_wconf 89' lang='grc' dir='ltr'><strong>Γ</strong></span> <span class='ocrx_word' id='word_1_245' title='bbox 427 3700 477 3774; x_wconf 86' lang='grc'><strong>12,</strong></span> <span class='ocrx_word' id='word_1_246' title='bbox 503 3699 544 3760; x_wconf 87' lang='grc'><strong>93</strong></span> <span class='ocrx_word' id='word_1_247' title='bbox 568 3690 702 3780; x_wconf 72' lang='grc' dir='ltr'>κτήμαθ’</span> <span class='ocrx_word' id='word_1_248' title='bbox 716 3692 790 3757; x_wconf 71' lang='lat' dir='ltr'><strong>tlon</strong></span> <span class='ocrx_word' id='word_1_249' title='bbox 813 3692 845 3756; x_wconf 71' lang='lat' dir='ltr'><strong>db</strong></span> <span class='ocrx_word' id='word_1_250' title='bbox 869 3698 962 3756; x_wconf 85' lang='grc' dir='ltr'>πάντα</span> <span class='ocrx_word' id='word_1_251' title='bbox 978 3697 1102 3772; x_wconf 81' lang='grc' dir='ltr'>γυναῖκά</span> <span class='ocrx_word' id='word_1_252' title='bbox 1118 3714 1147 3754; x_wconf 90' lang='grc' dir='ltr'><strong>τε</strong></span> <span class='ocrx_word' id='word_1_253' title='bbox 1170 3688 1285 3759; x_wconf 62' lang='lat' dir='ltr'><strong>mineo</strong></span> <span class='ocrx_word' id='word_1_254' title='bbox 1307 3689 1446 3772; x_wconf 81' lang='grc' dir='ltr'>ἀχέσθω;</span> 
     </span>
     <span class='ocr_line' id='line_1_32' title="bbox 273 3794 1548 3886; baseline -0.006 -21"><span class='ocrx_word' id='word_1_255' title='bbox 273 3802 326 3885; x_wconf 93' lang='lat' dir='ltr'><strong>qui</strong></span> <span class='ocrx_word' id='word_1_256' title='bbox 362 3801 491 3886; x_wconf 88' lang='lat' dir='ltr'><strong>quidem</strong></span> <span class='ocrx_word' id='word_1_257' title='bbox 526 3822 646 3878; x_wconf 86' lang='lat' dir='ltr'><strong>versus,</strong></span> <span class='ocrx_word' id='word_1_258' title='bbox 681 3823 751 3864; x_wconf 91' lang='lat' dir='ltr'><strong>cum</strong></span> <span class='ocrx_word' id='word_1_259' title='bbox 786 3801 958 3865; x_wconf 87' lang='lat' dir='ltr'><strong>coniuncta</strong></span> <span class='ocrx_word' id='word_1_260' title='bbox 992 3799 1166 3864; x_wconf 84' lang='lat' dir='ltr'><strong>exhibeant</strong></span> <span class='ocrx_word' id='word_1_261' title='bbox 1199 3794 1320 3865; x_wconf 68' lang='grc' dir='ltr'>νοίκαδε</span> <span class='ocrx_word' id='word_1_262' title='bbox 1351 3805 1383 3862; x_wconf 91' lang='lat' dir='ltr'><strong>et</strong></span> <span class='ocrx_word' id='word_1_263' title='bbox 1415 3795 1548 3877; x_wconf 84' lang='grc' dir='ltr'>ἄγεσθαι,</span> 
     </span>
     <span class='ocr_line' id='line_1_33' title="bbox 272 3905 1549 3993; baseline -0.003 -22"><span class='ocrx_word' id='word_1_264' title='bbox 272 3908 437 3990; x_wconf 85' lang='lat' dir='ltr'><strong>exemplar</strong></span> <span class='ocrx_word' id='word_1_265' title='bbox 458 3909 558 3972; x_wconf 85' lang='lat' dir='ltr'><strong>fuisse</strong></span> <span class='ocrx_word' id='word_1_266' title='bbox 581 3908 756 3993; x_wconf 84' lang='lat' dir='ltr'><strong>fragmenti</strong></span> <span class='ocrx_word' id='word_1_267' title='bbox 784 3911 822 3972; x_wconf 89' lang='grc'><strong>13</strong></span> <span class='ocrx_word' id='word_1_268' title='bbox 845 3933 875 3976; x_wconf 81' lang='lat' dir='ltr'><strong>v.</strong></span> <span class='ocrx_word' id='word_1_269' title='bbox 900 3912 943 3972; x_wconf 86' lang='grc'><strong>44</strong></span> <span class='ocrx_word' id='word_1_270' title='bbox 974 3929 1071 3988; x_wconf 87' lang='lat' dir='ltr'><strong>supra</strong></span> <span class='ocrx_word' id='word_1_271' title='bbox 1095 3906 1171 3970; x_wconf 90' lang='lat' dir='ltr'><strong>dicti</strong></span> <span class='ocrx_word' id='word_1_272' title='bbox 1195 3906 1351 3971; x_wconf 89' lang='lat' dir='ltr'><strong>videntur.</strong></span> <span class='ocrx_word' id='word_1_273' title='bbox 1398 3905 1549 3969; x_wconf 80' lang='lat' dir='ltr'><strong>Videlicet</strong></span> 
     </span>
     <span class='ocr_line' id='line_1_34' title="bbox 273 4013 1549 4096; baseline -0.002 -18"><span class='ocrx_word' id='word_1_274' title='bbox 273 4014 373 4079; x_wconf 89' lang='lat' dir='ltr'><strong>Solon</strong></span> <span class='ocrx_word' id='word_1_275' title='bbox 405 4037 478 4079; x_wconf 90' lang='lat' dir='ltr'><strong>cum</strong></span> <span class='ocrx_word' id='word_1_276' title='bbox 506 4019 743 4096; x_wconf 88' lang='lat' dir='ltr'><strong>pentametrum</strong></span> <span class='ocrx_word' id='word_1_277' title='bbox 775 4014 841 4078; x_wconf 90' lang='lat' dir='ltr'><strong>ictu</strong></span> <span class='ocrx_word' id='word_1_278' title='bbox 873 4014 1019 4078; x_wconf 87' lang='lat' dir='ltr'><strong>claudere</strong></span> <span class='ocrx_word' id='word_1_279' title='bbox 1051 4013 1196 4093; x_wconf 89' lang='lat' dir='ltr'><strong>deberet,</strong></span> <span class='ocrx_word' id='word_1_280' title='bbox 1227 4013 1331 4076; x_wconf 85' lang='lat' dir='ltr'><strong>activa</strong></span> <span class='ocrx_word' id='word_1_281' title='bbox 1362 4013 1465 4076; x_wconf 87' lang='lat' dir='ltr'><strong>forma</strong></span> <span class='ocrx_word' id='word_1_282' title='bbox 1495 4033 1549 4093; x_wconf 92' lang='lat' dir='ltr'><strong>pro</strong></span> 
     </span>
     <span class='ocr_line' id='line_1_35' title="bbox 272 4119 583 4199; baseline 0.013 -17"><span class='ocrx_word' id='word_1_283' title='bbox 272 4119 400 4199; x_wconf 83' lang='lat' dir='ltr'><strong>passiva</strong></span> <span class='ocrx_word' id='word_1_284' title='bbox 423 4141 501 4184; x_wconf 89' lang='lat' dir='ltr'><strong>usus</strong></span> <span class='ocrx_word' id='word_1_285' title='bbox 524 4126 583 4186; x_wconf 90' lang='lat' dir='ltr'><strong>est.</strong></span> 
     </span>
    </p>

    <p class='ocr_par' dir='ltr' id='par_1_15' title="bbox 274 4221 1550 4521">
     <span class='ocr_line' id='line_1_36' title="bbox 379 4221 1550 4311; baseline -0.006 -21"><span class='ocrx_word' id='word_1_286' title='bbox 379 4227 427 4291; x_wconf 81' lang='lat'><strong>15.</strong></span> <span class='ocrx_word' id='word_1_287' title='bbox 449 4226 579 4292; x_wconf 84' lang='lat' dir='ltr'><strong>Solonis</strong></span> <span class='ocrx_word' id='word_1_288' title='bbox 593 4231 672 4288; x_wconf 84' lang='grc' dir='ltr'>κατὰ</span> <span class='ocrx_word' id='word_1_289' title='bbox 686 4223 807 4294; x_wconf 80' lang='grc' dir='ltr'>πόντον,</span> <span class='ocrx_word' id='word_1_290' title='bbox 824 4283 830 4294; x_wconf 82' lang='grc'>,</span> <span class='ocrx_word' id='word_1_291' title='bbox 851 4225 854 4311; x_wconf 83' lang='grc'><strong>1</strong></span> <span class='ocrx_word' id='word_1_292' title='bbox 870 4223 1019 4309; x_wconf 73' lang='grc' dir='ltr'>ἰχθυόεντ’</span> <span class='ocrx_word' id='word_1_293' title='bbox 1036 4221 1164 4308; x_wconf 78' lang='grc' dir='ltr'>ἀνέμοισι</span> <span class='ocrx_word' id='word_1_294' title='bbox 1180 4228 1358 4310; x_wconf 81' lang='grc' dir='ltr'>μορεόμενος</span> <span class='ocrx_word' id='word_1_295' title='bbox 1373 4223 1550 4306; x_wconf 71' lang='grc' dir='ltr'>ἀργαλέοισιν</span> 
     </span>
     <span class='ocr_line' id='line_1_37' title="bbox 274 4330 1549 4416; baseline 0 -22"><span class='ocrx_word' id='word_1_296' title='bbox 274 4332 306 4394; x_wconf 92' lang='lat' dir='ltr'><strong>in</strong></span> <span class='ocrx_word' id='word_1_297' title='bbox 330 4333 368 4399; x_wconf 84' lang='lat' dir='ltr'><strong>fr.</strong></span> <span class='ocrx_word' id='word_1_298' title='bbox 393 4330 433 4396; x_wconf 81' lang='lat'><strong>13</strong></span> <span class='ocrx_word' id='word_1_299' title='bbox 458 4358 485 4401; x_wconf 90' lang='grc' dir='ltr'><strong>ν,</strong></span> <span class='ocrx_word' id='word_1_300' title='bbox 511 4332 554 4396; x_wconf 79' lang='grc'><strong>43</strong></span> <span class='ocrx_word' id='word_1_301' title='bbox 579 4338 610 4397; x_wconf 89' lang='lat' dir='ltr'><strong>et</strong></span> <span class='ocrx_word' id='word_1_302' title='bbox 634 4331 677 4396; x_wconf 71' lang='lat' dir='ltr'><strong>db</strong></span> <span class='ocrx_word' id='word_1_303' title='bbox 701 4333 787 4397; x_wconf 82' lang='lat' dir='ltr'><strong>clera</strong></span> <span class='ocrx_word' id='word_1_304' title='bbox 810 4356 889 4398; x_wconf 85' lang='lat' dir='ltr'><strong>voce</strong></span> <span class='ocrx_word' id='word_1_305' title='bbox 918 4334 1069 4397; x_wconf 84' lang='lat' dir='ltr'><strong>admonet</strong></span> <span class='ocrx_word' id='word_1_306' title='bbox 1099 4332 1223 4397; x_wconf 90' lang='lat' dir='ltr'><strong>animos</strong></span> <span class='ocrx_word' id='word_1_307' title='bbox 1251 4354 1370 4410; x_wconf 88' lang='lat' dir='ltr'><strong>eorum,</strong></span> <span class='ocrx_word' id='word_1_308' title='bbox 1400 4332 1455 4416; x_wconf 91' lang='lat' dir='ltr'><strong>qui</strong></span> <span class='ocrx_word' id='word_1_309' title='bbox 1485 4354 1549 4394; x_wconf 92' lang='lat' dir='ltr'><strong>nm·</strong></span> 
     </span>
     <span class='ocr_line' id='line_1_38' title="bbox 274 4439 901 4521; baseline 0.01 -20"><span class='ocrx_word' id='word_1_310' title='bbox 274 4460 371 4521; x_wconf 89' lang='lat' dir='ltr'><strong>quam</strong></span> <span class='ocrx_word' id='word_1_311' title='bbox 395 4439 536 4504; x_wconf 89' lang='lat' dir='ltr'><strong>Homero</strong></span> <span class='ocrx_word' id='word_1_312' title='bbox 560 4445 765 4516; x_wconf 82' lang='lat' dir='ltr'><strong>vacaverunt,</strong></span> <span class='ocrx_word' id='word_1_313' title='bbox 790 4441 828 4504; x_wconf 91' lang='lat' dir='ltr'><strong>de</strong></span> <span class='ocrx_word' id='word_1_314' title='bbox 852 4463 901 4507; x_wconf 91' lang='lat' dir='ltr'><strong>vv.</strong></span> 
     </span>
    </p>

    <p class='ocr_par' dir='ltr' id='par_1_16' title="bbox 363 4541 1449 4631">
     <span class='ocr_line' id='line_1_39' title="bbox 363 4541 1449 4631; baseline 0.005 -26"><span class='ocrx_word' id='word_1_315' title='bbox 363 4567 372 4605; x_wconf 95' lang='grc' dir='ltr'>ι</span> <span class='ocrx_word' id='word_1_316' title='bbox 396 4551 438 4612; x_wconf 84' lang='grc'><strong>62</strong></span> <span class='ocrx_word' id='word_1_317' title='bbox 462 4569 508 4630; x_wconf 91' lang='lat' dir='ltr'><strong>sq.</strong></span> <span class='ocrx_word' id='word_1_318' title='bbox 635 4551 767 4630; x_wconf 72' lang='grc' dir='ltr'>φερόμην</span> <span class='ocrx_word' id='word_1_319' title='bbox 790 4545 888 4617; x_wconf 82' lang='grc' dir='ltr'>ὀλοοῖς</span> <span class='ocrx_word' id='word_1_320' title='bbox 912 4545 1042 4629; x_wconf 85' lang='grc' dir='ltr'>ἀνέμοισι</span> <span class='ocrx_word' id='word_1_321' title='bbox 1069 4596 1071 4631; x_wconf 33' lang='grc' dir='ltr'>ἰ</span> <span class='ocrx_word' id='word_1_322' title='bbox 1097 4542 1198 4608; x_wconf 80' lang='grc' dir='ltr'>πόντον</span> <span class='ocrx_word' id='word_1_323' title='bbox 1222 4541 1266 4607; x_wconf 83' lang='grc' dir='ltr'>ἐπ’</span> <span class='ocrx_word' id='word_1_324' title='bbox 1286 4541 1449 4630; x_wconf 75' lang='grc' dir='ltr'>ἰχθυόεντα</span> 
     </span>
    </p>

    <p class='ocr_par' dir='ltr' id='par_1_17' title="bbox 325 4644 1493 4950">
     <span class='ocr_line' id='line_1_40' title="bbox 325 4644 1493 4737; baseline 0.003 -26"><span class='ocrx_word' id='word_1_325' title='bbox 325 4644 350 4711; x_wconf 88' lang='grc' dir='ltr'>Τ</span> <span class='ocrx_word' id='word_1_326' title='bbox 374 4656 437 4716; x_wconf 88' lang='grc'><strong>318</strong></span> <span class='ocrx_word' id='word_1_327' title='bbox 536 4650 639 4713; x_wconf 79' lang='grc' dir='ltr'>ἄελλαι</span> <span class='ocrx_word' id='word_1_328' title='bbox 664 4649 667 4734; x_wconf 90' lang='grc'><strong>1</strong></span> <span class='ocrx_word' id='word_1_329' title='bbox 694 4647 796 4712; x_wconf 87' lang='grc' dir='ltr'>πόντον</span> <span class='ocrx_word' id='word_1_330' title='bbox 820 4649 863 4713; x_wconf 78' lang='grc' dir='ltr'>ἐπ’</span> <span class='ocrx_word' id='word_1_331' title='bbox 885 4648 1048 4736; x_wconf 81' lang='grc' dir='ltr'>ἰχθυόεντα</span> <span class='ocrx_word' id='word_1_332' title='bbox 1071 4653 1162 4736; x_wconf 75' lang='grc' dir='ltr'>φίλων</span> <span class='ocrx_word' id='word_1_333' title='bbox 1186 4650 1336 4714; x_wconf 87' lang='grc' dir='ltr'>ἀπάνευθε</span> <span class='ocrx_word' id='word_1_334' title='bbox 1359 4655 1493 4737; x_wconf 76' lang='grc' dir='ltr'>φέρουσιν</span> 
     </span>
     <span class='ocr_line' id='line_1_41' title="bbox 334 4753 1473 4844; baseline 0.006 -28"><span class='ocrx_word' id='word_1_335' title='bbox 334 4755 351 4816; x_wconf 89' lang='grc' dir='ltr'>δ</span> <span class='ocrx_word' id='word_1_336' title='bbox 376 4756 437 4821; x_wconf 83' lang='grc'><strong>516</strong></span> <span class='ocrx_word' id='word_1_337' title='bbox 535 4754 669 4842; x_wconf 83' lang='grc' dir='ltr'>θθελλα1</span> <span class='ocrx_word' id='word_1_338' title='bbox 694 4753 796 4819; x_wconf 87' lang='grc' dir='ltr'>πόντον</span> <span class='ocrx_word' id='word_1_339' title='bbox 820 4754 865 4818; x_wconf 81' lang='grc' dir='ltr'>ἐπ’</span> <span class='ocrx_word' id='word_1_340' title='bbox 885 4753 1048 4841; x_wconf 77' lang='grc' dir='ltr'>ἰχθυόεντα</span> <span class='ocrx_word' id='word_1_341' title='bbox 1071 4761 1155 4841; x_wconf 80' lang='grc' dir='ltr'>μέρεν</span> <span class='ocrx_word' id='word_1_342' title='bbox 1178 4759 1273 4841; x_wconf 83' lang='grc' dir='ltr'>βαρέα</span> <span class='ocrx_word' id='word_1_343' title='bbox 1295 4763 1473 4844; x_wconf 83' lang='grc' dir='ltr'>στενάχοντα</span> 
     </span>
     <span class='ocr_line' id='line_1_42' title="bbox 578 4861 1250 4950; baseline 0.012 -24"><span class='ocrx_word' id='word_1_344' title='bbox 578 4862 738 4944; x_wconf 88' lang='lat' dir='ltr'><strong>(similiter</strong></span> <span class='ocrx_word' id='word_1_345' title='bbox 760 4884 774 4923; x_wconf 92' lang='grc' dir='ltr'><strong>ε</strong></span> <span class='ocrx_word' id='word_1_346' title='bbox 798 4867 861 4928; x_wconf 85' lang='grc'><strong>419</strong></span> <span class='ocrx_word' id='word_1_347' title='bbox 886 4887 932 4949; x_wconf 92' lang='lat' dir='ltr'><strong>sq.</strong></span> <span class='ocrx_word' id='word_1_348' title='bbox 959 4871 991 4930; x_wconf 89' lang='lat' dir='ltr'><strong>et</strong></span> <span class='ocrx_word' id='word_1_349' title='bbox 1014 4867 1034 4948; x_wconf 78' lang='grc' dir='ltr'>ψ</span> <span class='ocrx_word' id='word_1_350' title='bbox 1059 4861 1156 4950; x_wconf 88' lang='grc'>[316]</span> <span class='ocrx_word' id='word_1_351' title='bbox 1179 4865 1250 4950; x_wconf 68' lang='grc' dir='ltr'><strong>ομ).</strong></span> 
     </span>
    </p>
   </div>
   <div class='ocr_carea' id='block_1_6' title="bbox 0 0 1668 5238">
    <p class='ocr_par' dir='ltr' id='par_1_18' title="bbox 0 0 1668 5238">
     <span class='ocr_line' id='line_1_43' title="bbox 0 0 1668 5238; baseline 0 2"><span class='ocrx_word' id='word_1_352' title='bbox 0 0 1668 5238; x_wconf 95' lang='lat' dir='ltr'><strong> </strong></span> 
     </span>
    </p>
   </div>
  </div>
 </body>
</html>
