3412 5250
86 387 260 452 rufae-38

811 395 1031 458 „36-

387 589 438 652 34.
461 586 600 650 Deorum
625 586 708 650 dona
732 586 852 650 nemini
876 587 1024 652 evitanda
1048 608 1116 652 esse
1140 585 1239 652 Solon
1262 587 1296 650 in

386 692 426 756 fr.
439 689 480 755 13
491 716 520 760 v.
534 689 579 755 64
602 691 683 773 δῶρα
707 689 732 752 δ’
755 689 873 779 ἄφυκτα
895 693 974 755 θεῶν
996 695 1118 774 γίγνεται
1141 689 1309 774 ἀθανάτων,

281 798 401 862 nemini
424 800 625 881 aspernanda
648 799 758 864 Iliadis
782 805 899 866 auctor
917 801 1058 864 affirmat
1079 800 1113 864 in

485 901 510 968 Γ
534 909 575 971 05
598 901 633 989 od
655 926 698 968 τοι
721 903 863 992 ἀπόβλητ’
887 901 946 968 ἐστὶ
969 907 1048 970 θεῶν
1071 902 1209 988 ἐρικυδέα
1232 905 1325 990 δῶρα.

280 1011 411 1077 Rectius
435 1017 467 1077 et
491 1012 524 1076 ni
547 1013 644 1082 fallor
667 1012 733 1076 deis
758 1013 886 1098 dignius
909 1014 963 1078 ille
985 1009 1053 1098 ‘qui
1078 1013 1124 1077 nil
1147 1013 1279 1078 molitur
1301 1011 1427 1096 inepte'.

315 1151 319 1157 '
386 1147 436 1210 35.
459 1145 599 1230 Argenti
627 1146 714 1210 sitim
741 1147 1022 1230 importunamque
1050 1146 1168 1212 famem
1196 1149 1352 1215 maiorum
1377 1149 1562 1214 divitiarum

279 1252 370 1336 sequi
405 1257 599 1318 crescentem
633 1253 802 1336 pecuniam
836 1253 992 1318 Horatius
1027 1255 1252 1320 animadvertit
1283 1261 1316 1322 et
1348 1257 1450 1322 multo
1483 1263 1563 1323 ante

280 1358 850 1440 emfflmmhffiuww

545 1466 573 1529 οἳ
593 1472 649 1551 γὰρ
673 1477 720 1530 νῦν
743 1464 842 1552 ἡμέων
866 1469 999 1530 πλεῖστον
1022 1465 1125 1552 ’έχουσι
1148 1465 1218 1549 βίον,

516 1573 676 1655 διπλασίως
699 1553 853 1637 5πεὺδαῦοι
877 1591 884 1604 ·
908 1577 950 1645 τίς
973 1571 1008 1636 ἂν
1030 1577 1177 1658 κορέσειεν
1199 1573 1344 1649 ἅπανταςς

280 1679 360 1743 Tam
391 1679 493 1744 acutis
521 1685 629 1746 autem
658 1682 789 1746 auribus
818 1686 915 1764 putta
943 1681 1153 1746 Atheniensis
1176 1681 1310 1747 Homeri
1338 1704 1447 1748 versus
1471 1707 1561 1748 rece-

280 1791 381 1869 perat,
406 1791 442 1851 ut
466 1809 537 1852 eum
561 1811 626 1854 non
650 1789 779 1875 fugeret
800 1788 1019 1854 insectentiis
1036 1789 1263 1854 confirmandis
1286 1789 1447 1855 interdum
1471 1791 1561 1856 hunc

280 1894 386 1958 subito
419 1894 640 1980 interrogandi
672 1896 775 1960 forma
808 1895 872 1978 uti,
907 1894 1029 1960 scilicet
1060 1900 1135 1978 post
1168 1917 1332 1961 caesuram
1360 1899 1438 1958 κατὰ
1467 1899 1561 1980 τρίτον

279 2007 428 2085 τροχαῖον,
452 2023 566 2083 nempe
1314 2011 1317 2018 ⁴

491 2103 505 2168 I
531 2113 570 2174 77
594 2108 637 2178 τίς
660 2103 694 2170 ἂν
717 2105 786 2168 τάδε
809 2105 981 2191 ruinosam

461 2211 485 2274 a
509 2216 571 2280 307
596 2215 638 2284 τίς
660 2209 695 2275 ἂν
718 2212 755 2297 δή
779 2232 822 2274 τοι
843 2215 912 2282 νόος
935 2209 995 2296 edm

461 2320 485 2381 0
509 2323 572 2385 208
596 2323 638 2391 τίς
661 2316 696 2380 ἂν
719 2319 844 2405 φιλέοντι
867 2322 1012 2404 μάχοιτο;

464 2446 485 2488 κ
509 2431 572 2494 573
597 2429 638 2496 τίς
662 2423 697 2489 ἂν
719 2427 791 2488 θεὸν
814 2421 869 2488 οὐκ
891 2421 1035 2488 ἐθέλοντα
1060 2422 1063 2511 t
1090 2475 1173 2493 ...,
1196 2423 1302 2504 ἴδοιτο;

384 2562 437 2626 36.
460 2559 586 2626 Nomen
609 2561 696 2625 Iovis
719 2560 804 2642 apud
828 2559 1006 2625 Homerum
1030 2559 1141 2624 crebro
1171 2564 1227 2624 aut
1254 2561 1287 2624 in
1318 2561 1421 2642 prima
1445 2583 1556 2626 versus

278 2667 350 2732 sede
374 2672 430 2731 aut
453 2667 486 2730 in
510 2667 624 2731 ultima
647 2667 799 2752 legimus3
824 2689 906 2750 quae
926 2666 1124 2731 consuetudo
1141 2665 1292 2732 Solonem
1310 2690 1375 2733 non
1390 2669 1557 2751 praeteriit

277 2773 310 2836 in
334 2774 372 2836 fr.
398 2770 437 2837 13
461 2799 490 2840 v.
515 2772 556 2837 75

566 2878 621 2964 ἄτη
645 2875 670 2940 δ’
694 2876 724 2950 ἐξ
747 2877 841 2942 αὐτῶν
866 2874 1062 2964 ἀναφαίνεται,
1087 2878 1123 2964 ἣν
1146 2875 1254 2943 ὁπόταν
1277 2878 1357 2953 Ζείις,

277 2988 329 3052 Sic
352 2987 381 3052 A
408 2991 468 3054 128
497 2989 562 3052 exit
591 2987 625 3050 in
653 2984 687 3048 od
712 2990 748 3050 κέ
776 2986 848 3048 ποθι
877 2982 957 3057 Ζεύς.
1004 2987 1042 3050 In
1070 2987 1174 3069 prima
1204 2991 1312 3052 autem
1341 3011 1452 3054 versus
1481 2991 1554 3056 sede

276 3095 474 3177 repperimus
503 3094 685 3179 indagando
716 3088 804 3164 (Ζεύς’
834 3093 1044 3158 antecedente
1074 3094 1299 3159 coniunctione
1327 3097 1498 3178 temporali
1520 3098 1554 3161 in

276 3201 326 3265 his
350 3225 399 3269 νν.

320 3304 539 3374 Σ115Χ305
565 3359 615 3374 ..,
640 3317 721 3391 κῆρα
746 3303 770 3367 δ’
787 3303 843 3386 ἐγὼ
867 3305 930 3368 τότε
954 3303 1083 3392 δέξομαι,
1108 3304 1215 3370 ὁππότε
1238 3329 1288 3371 κεν
1311 3309 1350 3393 δὴ
1368 3305 1371 3395 Ι
1390 3307 1471 3380 Ζεὺς.

275 3415 312 3479 Id
335 3415 472 3480 fortasse
495 3415 594 3482 Solon
618 3415 762 3480 imitatus
786 3419 880 3493 esset,
906 3415 932 3479 si
954 3417 1146 3498 particulam
1170 3419 1220 3478 κέν
1245 3417 1452 3482 adhibuisset.

382 3560 431 3624 37.
458 3557 546 3623 Unus
585 3558 778 3641 spondiacus
812 3557 997 3621 hexameter
1031 3557 1159 3622 Solonis
1198 3559 1369 3622 memoriae
1407 3559 1554 3640 proditus

276 3669 324 3728 est
346 3665 399 3730 hic
422 3689 452 3730 v.

463 3772 503 3840 fr.
527 3769 565 3834 17
588 3775 682 3853 πάντῃ
706 3767 731 3830 δ’
754 3768 912 3832 ἀθανάτων
936 3767 1053 3855 ἀφανὴς
1076 3773 1143 3840 νόος
1166 3768 1371 3851 ἀνθρώποισιν,

274 3877 362 3942 Idem
385 3879 464 3943 illud
489 3876 942 3960 drtpdcorcrunonnunquam
966 3876 1062 3940 etiarn
1086 3876 1276 3941 Homericos
1299 3899 1409 3941 versus
1434 3878 1554 3942 claudi·

275 3990 385 4050 cantes
416 3986 545 4050 reddere
575 3984 679 4058 video,
706 3989 743 4049 ut
775 3979 885 4048 Trai
919 3985 934 4053 i
961 3986 1030 4048 188.
1078 3983 1143 4046 Res
1171 3988 1340 4065 essetper
1371 4005 1404 4047 se
1425 4007 1551 4065 :parum

274 4093 392 4176 gravis,
417 4092 479 4156 nisi
503 4093 540 4155 de
564 4114 629 4156 uno
653 4089 825 4172 superstite
849 4089 1034 4171 spondiaco,
1063 4095 1100 4154 ut
1129 4089 1275 4164 diximus,
1305 4095 1472 4175 ageretur:
1502 4092 1553 4156 vel

274 4199 307 4262 in
331 4199 409 4280 ipsis
432 4198 576 4263 minutiis
599 4197 770 4262 imitatoris
793 4195 930 4280 vestigia
953 4196 1123 4260 manifeste
1148 4197 1376 4278 deprehendas.

379 4343 431 4406 38.
455 4339 483 4404 A
507 4340 674 4422 particulis
697 4335 800 4402 νῦνδὲ
823 4333 1018 4420 saepissime,
1042 4361 1144 4420 paene
1169 4339 1233 4404 dixi
1257 4339 1438 4414 sescenties,
1468 4339 1552 4403 ordi-

274 4451 373 4511 untur
403 4469 513 4512 versus
542 4447 632 4530 epici.
680 4446 787 4511 Etiam
811 4446 850 4510 fr.
875 4442 916 4508 19
940 4443 1068 4510 Solonis
1097 4445 1211 4528 incipit
1234 4469 1252 4509 a
1276 4454 1323 4508 νῦν
1347 4444 1379 4506 δὲ
1402 4447 1437 4507 αι’)
1468 4445 1552 4511 inse·

275 4559 393 4638 quente
417 4554 561 4637 optativo
585 4551 685 4627 ναίοις,
732 4553 825 4630 Quod
847 4552 931 4616 idom
953 4553 1089 4634 optativi
1105 4575 1208 4637 genus
1224 4553 1256 4616 in
1275 4553 1408 4617 Homeri
1424 4574 1552 4637 quoque

275 4661 469 4726 carminibus
492 4659 539 4747 (ut
562 4659 586 4722 Ξ
613 4664 673 4728 107
700 4657 733 4722 Ψ
760 4656 833 4745 150)
857 4662 931 4740 post
954 4666 1000 4720 νῦν
1024 4659 1057 4720 δέ
1080 4659 1224 4724 invenias
1252 4664 1309 4723 aut
1332 4660 1365 4723 iu
1388 4660 1460 4723 loco
1485 4660 1551 4724 eius

275 4767 512 4834 coniunctivum
537 4789 630 4852 quem
655 4772 773 4832 vocant
795 4763 1002 4847 hortativum,
1028 4770 1064 4830 ut
1087 4767 1191 4830 0100
1215 4761 1247 4826 Μ
1266 4769 1329 4830 326
1354 4761 1383 4826 Χ
1408 4769 1467 4829 391
1496 4771 1552 4830 aut
