3412 5250
818 371 1015 431 „2-

277 587 373 630 causa
398 561 543 628 Athenas
565 563 730 646 profectus
754 585 823 627 esse
847 566 1005 641 narratur,
1031 561 1109 626 adeo
1133 562 1411 628 commendantem
1435 568 1467 628 et
1491 563 1559 630 col-

274 671 460 736 laudantem
495 669 573 734 lacit
606 669 768 747 Solonem,
804 673 841 733 ut
875 667 960 733 dicat
995 691 1067 732 eum
1102 668 1168 733 viso
1201 668 1319 734 Solone
1351 669 1416 736 iam
1448 671 1558 736 omnia

277 779 407 854 vidisse3
432 776 488 841 illo
513 776 597 840 enim
614 775 772 855 Athenas,
795 774 852 840 illo
875 778 979 838 totam
1003 774 1162 840 contineri
1179 773 1355 856 Graeciam,
1378 775 1470 840 illum
1486 798 1557 840 esse

275 886 421 970 regulam
445 905 653 968 normamque
670 881 874 960 Graecorum,
897 881 988 946 illum
1005 880 1133 946 Atticae
1150 882 1313 964 exemplar
1328 883 1505 965 sapientiae
1516 883 1553 967 1).

382 990 583 1074 Quamquam
606 989 809 1075 legislatores
833 989 933 1052 atrei
962 988 1112 1070 publicae
1144 995 1285 1054 rectores
1314 989 1395 1054 aliae
1426 1013 1555 1074 quoque

254 1098 421 1177 ,civitates
455 1099 599 1182 genuere
633 1097 661 1160 si
695 1119 760 1160 non
795 1095 982 1177 permultos,
1019 1099 1127 1160 tamen
1161 1117 1225 1160 non
1255 1096 1304 1160 ita
1336 1119 1466 1178 paucos,
1500 1097 1555 1181 qui

275 1205 426 1271 Solonem
450 1204 500 1268 vel
524 1203 733 1287 aequaverint
756 1203 807 1266 vel
830 1202 925 1266 etiam
950 1203 1186 1286 quodammodo
1209 1191 1360 1270 vicerint:
1393 1208 1426 1267 at
1454 1203 1486 1266 in
1516 1225 1554 1267 ec

274 1311 388 1376 unicus
419 1311 472 1375 hic
504 1310 640 1389 exstitit,
674 1310 761 1394 quod
790 1309 874 1373 idem
904 1332 923 1372 a
949 1309 1054 1391 prima
1084 1309 1302 1374 adulescentia
1330 1311 1370 1375 ad
1397 1333 1553 1374 summam

274 1441 375 1503 usque
405 1421 603 1482 senectutem
634 1416 800 1481 Musarum
835 1416 984 1480 sacerdos
1016 1415 1123 1497 posito
1156 1424 1285 1480 austero
1318 1416 1430 1480 iudicis
1462 1416 1554 1480 vultu

275 1527 467 1608 demptaque
497 1523 668 1606 supercilio
701 1523 786 1587 nube
817 1521 974 1586 Castaliae
1005 1544 1107 1606 aquae
1139 1545 1297 1604 perennes
1324 1523 1460 1587 haustus
1492 1523 1554 1586 sibi

275 1632 421 1714 sumpsit.
468 1630 538 1706 Qua
568 1632 602 1695 in
629 1653 664 1695 re
697 1653 768 1695 eum
799 1633 895 1711 putes
923 1628 1056 1693 Ascraei
1085 1635 1201 1711 poetae
1230 1630 1377 1712 inprimis
1406 1630 1552 1715 vestigiis

273 1738 439 1816 institisse,
472 1739 591 1821 quippe
621 1736 676 1820 qui
705 1759 789 1800 unus
820 1735 962 1800 omnium
990 1736 1127 1800 maxime
1155 1736 1320 1801 miscuerit
1349 1737 1428 1800 utile
1452 1735 1552 1814 dulci3

273 1850 367 1927 putes
391 1867 462 1910 eum
486 1843 626 1928 Tyrtaei,
652 1843 707 1925 qui
731 1841 908 1906 carminum
931 1842 1045 1907 ardore
1073 1865 1124 1908 res
1148 1843 1382 1925 Spartiatarum
1413 1843 1553 1908 labefac-

273 1957 359 2017 tatas
393 1951 582 2033 composuit,
618 1950 798 2032 exemplum
836 1971 904 2013 esse
937 1955 1083 2014 secutum
1110 1986 1154 1995 —
1185 1972 1287 2034 neque
1319 1973 1392 2016 vero
1426 1950 1551 2028 desunt,

273 2060 389 2143 quibus
413 2059 492 2122 haec
515 2041 734 2122 demonstrare
758 2057 872 2138 possis,
896 2056 928 2120 id
952 2057 1038 2140 quod
1060 2056 1094 2119 in
1114 2061 1258 2122 extremo
1275 2057 1382 2122 libello
1400 2058 1552 2122 docturus

273 2189 343 2231 sum
367 2188 427 2229 -ι
462 2165 517 2228 sed
547 2168 584 2229 ut
614 2163 685 2227 aliis
713 2163 753 2226 ad
781 2173 882 2226 unum
914 2163 1063 2228 omnibus
1093 2163 1207 2245 poetis,
1240 2164 1286 2228 ita
1317 2164 1391 2228 huic
1424 2187 1551 2249 quoque

272 2277 374 2338 lacem
404 2269 596 2353 praetulisse
626 2274 793 2351 parentem
824 2273 932 2333 vatum
958 2269 1161 2348 Graecorum,
1193 2271 1340 2335 videlicet
1363 2271 1550 2350 Homerum,

274 2403 345 2446 cum
379 2401 437 2461 per
471 2400 505 2442 se
534 2377 640 2458 ipsum
675 2377 742 2441 veri
776 2375 973 2441 simillimum
1009 2381 1057 2442 est
1084 2413 1128 2423 -
1156 2375 1317 2443 Homerus
1352 2378 1442 2442 enim·
1469 2382 1551 2442 teste

275 2486 411 2550 Platone
441 2484 596 2569 magister
626 2483 727 2548 totius
752 2482 904 2547 Graeciae
934 2481 1157 2566 perhibetur²)
1180 2521 1224 2530 -
1247 2490 1315 2550 tum
1344 2507 1383 2550 ex
1412 2485 1555 2569 reliquiis

276 2593 388 2658 Musae
419 2591 576 2657 Soloneae
607 2612 764 2655 annorum
796 2589 889 2654 seriei
920 2595 952 2654 et
984 2591 1081 2676 fugae
1113 2595 1294 2672 temporum
1329 2593 1555 2674 superstitibus

273 2701 454 2764 luculenter
489 2697 691 2779 comprobari
725 2719 820 2779 posse
855 2697 933 2760 mihi
971 2699 1126 2779 persuasi.
1173 2698 1257 2764 Sane
1295 2699 1398 2784 leges,
1439 2701 1555 2784 quibus

275 2807 394 2888 optime
418 2828 468 2870 res
493 2804 739 2869 Atheniensium
762 2808 963 2888 regerentur,
997 2811 1111 2886 suopte
1141 2805 1273 2889 ingenio
1302 2805 1426 2870 invenit
1448 2807 1555 2871 inven-

273 2918 387 2998 tasque
418 2911 598 2994 composuit
628 2911 742 2975 Solon:
773 2916 908 2992 poeseos
936 2911 1024 2995 leges
1055 2916 1221 2976 mutuatus
1253 2915 1302 2976 est
1329 2913 1369 2976 ab
1402 2912 1554 2993 Homer0,

275 3021 365 3085 cuius
389 3042 427 3083 ex
449 3018 611 3082 uberrima
634 3024 745 3082 mensa
769 3017 941 3098 frustula³l
970 3041 1003 3082 se
1028 3019 1196 3104 collegisse
1227 3041 1338 3084 omnes
1365 3019 1432 3084 fere
1457 3019 1555 3085 Grae-

275 3149 385 3192 corum
406 3129 522 3208 poetae
545 3125 645 3188 tacito
670 3125 860 3204 concedunt,
884 3125 984 3190 libere
1008 3126 1172 3207 professus
1204 3131 1253 3190 est
1277 3126 1455 3210 Aeschylus
1479 3149 1554 3208 gra-

276 3235 423 3299 vissimus
446 3231 653 3317 tragicorum.
700 3231 774 3298 Sed
807 3232 878 3296 hoc
909 3254 993 3297 non
1025 3233 1088 3296 ita
1120 3238 1178 3297 est
1201 3233 1552 3316 intellegendum,

274 3347 318 3404 ut
345 3339 460 3421 ipsas
489 3361 569 3417 res,
601 3338 783 3415 fabulas,
816 3339 1122 3402 sententiarum
1152 3337 1363 3402 maximam
1387 3345 1553 3420 partem

275 3445 467 3510 Homerus
491 3444 526 3508 ei
550 3445 683 3508 dotem
708 3445 875 3524 dederit,
900 3445 971 3508 sed
994 3449 1038 3509 ut
1061 3445 1185 3510 Solon
1214 3467 1283 3510 seu
1315 3445 1441 3510 sciens
1466 3447 1552 3512 sive

274 3553 430 3617 inscius
465 3551 738 3636 cogitationes
775 3552 978 3635 quasdam,
1018 3552 1262 3629 enuntiata,
1302 3552 1552 3627 locutiones,

274 3661 489 3725 verborum
522 3658 880 3736 coniunctiones,
915 3659 1099 3742 denique
1134 3658 1306 3744 singula
1339 3662 1552 3726 vocabula

274 3767 382 3832 illius
414 3767 454 3829 in
487 3788 594 3829 suum
625 3765 875 3830 converterit
907 3789 1026 3830 usum.
1074 3765 1155 3831 Nam
1194 3789 1265 3830 cum
1297 3789 1411 3832 causae
1445 3769 1553 3833 civiles

275 3873 500 3956 disceptandae
529 3877 561 3935 et
584 3871 671 3935 rixae
694 3871 779 3936 inter
803 3873 886 3937 cives
911 3873 1150 3954 componendae
1183 3878 1327 3956 tempore
1356 3897 1393 3938 ac
1422 3876 1553 3940 materie

274 3981 410 4045 maxime
438 3978 656 4044 abhorrebant
680 4001 698 4041 a
722 3978 828 4043 Troici
852 3979 933 4063 cycli
958 3979 1185 4043 certaminibus
1217 3980 1363 4061 heroicis,
1393 3986 1462 4046 turn
1485 3983 1553 4065 ipse

273 4086 371 4152 Solon
409 4086 609 4171 mythorum,
648 4106 729 4169 quos
764 4084 897 4150 Graecia
935 4086 1084 4150 fabulosa
1117 4087 1315 4168 procreavit,
1354 4110 1388 4153 se
1422 4089 1553 4152 minime

273 4198 434 4257 amantem
458 4215 526 4256 esse
550 4197 689 4257 testatur
721 4191 754 4254 in
779 4192 907 4276 exiguo,
939 4193 994 4256 sed
1017 4192 1138 4276 insigni
1170 4195 1354 4279 fragmento
1379 4198 1434 4273 (29
1459 4195 1553 4276 Bglr.)

698 4293 808 4360 ‘uella
832 4297 984 4380 ψεῦδονται
1007 4297 1121 4368 ο”ιοιδοὶ’ο

380 4404 400 4467 1)
419 4406 535 4460 Lucian.
549 4405 644 4474 Scyth.
665 4423 687 4460 c.
701 4405 716 4456 7
738 4404 770 4472 (l.
780 4408 801 4459 b.
815 4423 842 4474 p.
854 4405 906 4457 408
918 4404 946 4458 C.
960 4402 1112 4470 Jacobitzl:
1133 4398 1154 4453 ὦ
1174 4406 1322 4476 Ἀνάχαρσι,
1341 4407 1417 4459 πάντα
1437 4406 1552 4476 ἑώρακας

271 4490 326 4565 ἤδη
349 4491 453 4546 Σόλωνα
475 4491 543 4557 ἰδών,
566 4500 637 4544 τοῦτο
665 4490 819 4562 αἱἈθήναι,
845 4501 917 4544 τοῦτο
941 4489 1075 4564 ἡἝλλάς
1095 4534 1101 4546 .
1121 4533 1126 4546 .
1149 4535 1153 4546 .
1175 4534 1180 4546 .
1207 4489 1279 4556 οὗτός
1307 4514 1345 4548 σοι
1373 4491 1553 4565 ὁἙλληνικός

270 4583 360 4648 κανών,
378 4589 449 4634 τοῦτο
469 4579 559 4651 δεῖγμα
576 4587 624 4652 τῆς
642 4580 790 4651 φιλοσοφίας
808 4589 856 4652 τῆς
876 4581 1004 4652 Ἀττικῆς.

377 4669 400 4738 ²)
422 4668 546 4741 ,Ὅμηρος
564 4669 712 4722 πεπαίδεοκε
731 4669 778 4740 τὴν
794 4666 927 4726 ‘calceat
964 4673 1039 4727 Plat.
1060 4691 1119 4743 rep.
1140 4674 1191 4725 606
1210 4672 1241 4726 Ε.

377 4759 399 4827 ³)
419 4759 527 4830 “τεμοίχη
547 4765 593 4809 τῶν
610 4755 726 4829 Ὁμήρου
745 4758 861 4828 μεγάλων
880 4758 987 4811 tetrae)
1007 4763 1111 4816 Athen.
1131 4761 1181 4812 347
1198 4779 1221 4816 e.
