<?xml version="1.0" encoding="UTF-8"?>
<!DOCTYPE html PUBLIC "-//W3C//DTD XHTML 1.0 Transitional//EN"
    "http://www.w3.org/TR/xhtml1/DTD/xhtml1-transitional.dtd">
<html xmlns="http://www.w3.org/1999/xhtml" xml:lang="en" lang="en">
 <head>
  <title>
</title>
<meta http-equiv="Content-Type" content="text/html;charset=utf-8" />
  <meta name='ocr-system' content='tesseract 3.04.00' />
  <meta name='ocr-capabilities' content='ocr_page ocr_carea ocr_par ocr_line ocrx_word'/>
</head>
<body>
  <div class='ocr_page' id='page_1' title='image "./soloniselocutio00riedgoog_0030.png"; bbox 0 0 3412 5250; ppageno 0'>
   <div class='ocr_carea' id='block_1_1' title="bbox 687 377 908 439">
    <p class='ocr_par' dir='ltr' id='par_1_1' title="bbox 687 377 908 439">
     <span class='ocr_line' id='line_1_1' title="bbox 687 377 908 439; baseline 0 -21"><span class='ocrx_word' id='word_1_1' title='bbox 687 377 908 439; x_wconf 80' lang='lat'>..21..</span> 
     </span>
    </p>
   </div>
   <div class='ocr_carea' id='block_1_2' title="bbox 150 567 1437 756">
    <p class='ocr_par' dir='ltr' id='par_1_2' title="bbox 150 567 1437 756">
     <span class='ocr_line' id='line_1_2' title="bbox 150 567 1437 655; baseline 0.002 -23"><span class='ocrx_word' id='word_1_2' title='bbox 150 589 267 632; x_wconf 88' lang='lat' dir='ltr'><strong>vorum</strong></span> <span class='ocrx_word' id='word_1_3' title='bbox 300 567 454 647; x_wconf 82' lang='lat' dir='ltr'><strong>ordinem,</strong></span> <span class='ocrx_word' id='word_1_4' title='bbox 490 568 545 633; x_wconf 91' lang='lat' dir='ltr'><strong>ubi</strong></span> <span class='ocrx_word' id='word_1_5' title='bbox 575 569 700 634; x_wconf 89' lang='lat' dir='ltr'><strong>numeri</strong></span> <span class='ocrx_word' id='word_1_6' title='bbox 729 569 944 652; x_wconf 79' lang='lat' dir='ltr'><strong>postulavere,</strong></span> <span class='ocrx_word' id='word_1_7' title='bbox 974 569 1120 634; x_wconf 82' lang='lat' dir='ltr'>invenias</span> <span class='ocrx_word' id='word_1_8' title='bbox 1149 569 1235 652; x_wconf 93' lang='lat' dir='ltr'><strong>apud</strong></span> <span class='ocrx_word' id='word_1_9' title='bbox 1265 575 1437 655; x_wconf 88' lang='lat' dir='ltr'><strong>utrumque</strong></span> 
     </span>
     <span class='ocr_line' id='line_1_3' title="bbox 150 679 285 756; baseline -0.007 -17"><span class='ocrx_word' id='word_1_10' title='bbox 150 679 285 756; x_wconf 71' lang='lat' dir='ltr'><strong>poetam</strong></span> 
     </span>
    </p>
   </div>
   <div class='ocr_carea' id='block_1_3' title="bbox 151 777 1609 4303">
    <p class='ocr_par' dir='ltr' id='par_1_3' title="bbox 262 777 1351 866">
     <span class='ocr_line' id='line_1_4' title="bbox 262 777 1351 866; baseline 0.004 -26"><span class='ocrx_word' id='word_1_11' title='bbox 262 779 279 840; x_wconf 94' lang='grc' dir='ltr'>δ</span> <span class='ocrx_word' id='word_1_12' title='bbox 302 784 365 846; x_wconf 86' lang='grc'><strong>392</strong></span> <span class='ocrx_word' id='word_1_13' title='bbox 497 777 555 843; x_wconf 80' lang='grc' dir='ltr'>ὅττι</span> <span class='ocrx_word' id='word_1_14' title='bbox 579 802 621 844; x_wconf 86' lang='grc' dir='ltr'><strong>τοι</strong></span> <span class='ocrx_word' id='word_1_15' title='bbox 643 781 673 845; x_wconf 79' lang='grc' dir='ltr'><strong>ἐν</strong></span> <span class='ocrx_word' id='word_1_16' title='bbox 696 786 847 866; x_wconf 78' lang='grc' dir='ltr'>μεγάροισι</span> <span class='ocrx_word' id='word_1_17' title='bbox 869 786 964 845; x_wconf 79' lang='grc' dir='ltr'>κακόν</span> <span class='ocrx_word' id='word_1_18' title='bbox 986 777 1010 842; x_wconf 81' lang='grc' dir='ltr'><strong>τ’</strong></span> <span class='ocrx_word' id='word_1_19' title='bbox 1025 779 1142 862; x_wconf 76' lang='grc' dir='ltr'>ἀγαθόν</span> <span class='ocrx_word' id='word_1_20' title='bbox 1165 804 1195 844; x_wconf 84' lang='grc' dir='ltr'><strong>τε</strong></span> <span class='ocrx_word' id='word_1_21' title='bbox 1217 786 1351 846; x_wconf 74' lang='grc' dir='ltr'><strong>τέτυκται</strong></span> 
     </span>
    </p>

    <p class='ocr_par' dir='ltr' id='par_1_4' title="bbox 260 885 1194 974">
     <span class='ocr_line' id='line_1_5' title="bbox 260 885 1194 974; baseline -0.001 -23"><span class='ocrx_word' id='word_1_22' title='bbox 260 889 300 954; x_wconf 86' lang='lat' dir='ltr'><strong>fr.</strong></span> <span class='ocrx_word' id='word_1_23' title='bbox 314 889 398 967; x_wconf 69' lang='lat' dir='ltr'><strong>eum</strong></span> <span class='ocrx_word' id='word_1_24' title='bbox 414 887 471 971; x_wconf 90' lang='lat' dir='ltr'><strong>(H)</strong></span> <span class='ocrx_word' id='word_1_25' title='bbox 494 890 629 972; x_wconf 78' lang='grc' dir='ltr'>θεσμοὺς</span> <span class='ocrx_word' id='word_1_26' title='bbox 651 885 676 950; x_wconf 85' lang='grc' dir='ltr'><strong>δ’</strong></span> <span class='ocrx_word' id='word_1_27' title='bbox 692 885 803 974; x_wconf 79' lang='grc' dir='ltr'><strong>ὁμοίως</strong></span> <span class='ocrx_word' id='word_1_28' title='bbox 824 898 864 971; x_wconf 83' lang='grc' dir='ltr'><strong>τῷ</strong></span> <span class='ocrx_word' id='word_1_29' title='bbox 887 898 974 971; x_wconf 74' lang='grc' dir='ltr'>κακῷ</span> <span class='ocrx_word' id='word_1_30' title='bbox 1000 910 1031 950; x_wconf 84' lang='grc' dir='ltr'><strong>τε</strong></span> <span class='ocrx_word' id='word_1_31' title='bbox 1054 885 1194 970; x_wconf 72' lang='grc' dir='ltr'><strong>κάγαθῷ.</strong></span> 
     </span>
    </p>

    <p class='ocr_par' dir='ltr' id='par_1_5' title="bbox 151 1011 1609 1311">
     <span class='ocr_line' id='line_1_6' title="bbox 261 1011 1602 1100; baseline 0 -25"><span class='ocrx_word' id='word_1_32' title='bbox 261 1012 329 1076; x_wconf 89' lang='lat' dir='ltr'><strong>Iam</strong></span> <span class='ocrx_word' id='word_1_33' title='bbox 353 1035 436 1097; x_wconf 89' lang='lat' dir='ltr'><strong>quae</strong></span> <span class='ocrx_word' id='word_1_34' title='bbox 458 1013 640 1098; x_wconf 78' lang='lat' dir='ltr'><strong>insequitur</strong></span> <span class='ocrx_word' id='word_1_35' title='bbox 662 1013 823 1079; x_wconf 88' lang='lat' dir='ltr'><strong>sententia</strong></span> <span class='ocrx_word' id='word_1_36' title='bbox 846 1017 1049 1100; x_wconf 79' lang='lat' dir='ltr'><strong>pentametro</strong></span> <span class='ocrx_word' id='word_1_37' title='bbox 1074 1033 1224 1094; x_wconf 83' lang='lat' dir='ltr'><strong>expressa</strong></span> <span class='ocrx_word' id='word_1_38' title='bbox 1249 1033 1326 1077; x_wconf 85' lang='lat' dir='ltr'><strong>crux</strong></span> <span class='ocrx_word' id='word_1_39' title='bbox 1351 1011 1437 1076; x_wconf 90' lang='lat' dir='ltr'><strong>criti·</strong></span> <span class='ocrx_word' id='word_1_40' title='bbox 1487 1015 1527 1065; x_wconf 77' lang='lat' dir='ltr'><strong>De</strong></span> <span class='ocrx_word' id='word_1_41' title='bbox 1545 1015 1602 1065; x_wconf 76' lang='lat'><em>100⁰</em></span> 
     </span>
     <span class='ocr_line' id='line_1_7' title="bbox 152 1103 1602 1205; baseline -0.001 -21"><span class='ocrx_word' id='word_1_42' title='bbox 152 1141 265 1184; x_wconf 93' lang='lat' dir='ltr'><strong>corum</strong></span> <span class='ocrx_word' id='word_1_43' title='bbox 288 1120 357 1184; x_wconf 87' lang='lat' dir='ltr'><strong>iure</strong></span> <span class='ocrx_word' id='word_1_44' title='bbox 379 1121 621 1202; x_wconf 87' lang='lat' dir='ltr'><strong>potestrocari.</strong></span> <span class='ocrx_word' id='word_1_45' title='bbox 661 1121 863 1202; x_wconf 86' lang='lat' dir='ltr'><strong>Acprimum</strong></span> <span class='ocrx_word' id='word_1_46' title='bbox 880 1121 1006 1205; x_wconf 87' lang='lat' dir='ltr'><strong>quidem</strong></span> <span class='ocrx_word' id='word_1_47' title='bbox 1024 1119 1229 1184; x_wconf 79' lang='lat' dir='ltr'><strong>traditionem</strong></span> <span class='ocrx_word' id='word_1_48' title='bbox 1249 1139 1435 1184; x_wconf 88' lang='lat' dir='ltr'><strong>noscamus:</strong></span> <span class='ocrx_word' id='word_1_49' title='bbox 1485 1103 1602 1172; x_wconf 62' lang='lat' dir='ltr'><strong>quiedam</strong></span> 
     </span>
     <span class='ocr_line' id='line_1_8' title="bbox 151 1192 1609 1311; baseline 0 -22"><span class='ocrx_word' id='word_1_50' title='bbox 151 1226 255 1291; x_wconf 90' lang='lat' dir='ltr'><strong>libros</strong></span> <span class='ocrx_word' id='word_1_51' title='bbox 272 1225 413 1305; x_wconf 84' lang='lat' dir='ltr'><strong>Stobaei‚</strong></span> <span class='ocrx_word' id='word_1_52' title='bbox 438 1228 492 1311; x_wconf 91' lang='lat' dir='ltr'><strong>qui</strong></span> <span class='ocrx_word' id='word_1_53' title='bbox 509 1228 571 1292; x_wconf 90' lang='lat' dir='ltr'><strong>hoc</strong></span> <span class='ocrx_word' id='word_1_54' title='bbox 587 1249 713 1292; x_wconf 87' lang='lat' dir='ltr'><strong>carmen</strong></span> <span class='ocrx_word' id='word_1_55' title='bbox 732 1233 910 1302; x_wconf 83' lang='lat' dir='ltr'><strong>servarunt,</strong></span> <span class='ocrx_word' id='word_1_56' title='bbox 933 1227 1103 1291; x_wconf 79' lang='lat' dir='ltr'><strong>admodum</strong></span> <span class='ocrx_word' id='word_1_57' title='bbox 1122 1227 1245 1290; x_wconf 91' lang='lat' dir='ltr'><strong>variare</strong></span> <span class='ocrx_word' id='word_1_58' title='bbox 1261 1227 1436 1290; x_wconf 90' lang='lat' dir='ltr'><strong>cernimus:</strong></span> <span class='ocrx_word' id='word_1_59' title='bbox 1475 1192 1609 1244; x_wconf 56' lang='lat' dir='ltr'><strong>mam</strong></span> 
     </span>
    </p>

    <p class='ocr_par' dir='ltr' id='par_1_6' title="bbox 152 1329 1437 2059">
     <span class='ocr_line' id='line_1_9' title="bbox 317 1329 1262 1417; baseline 0.002 -23"><span class='ocrx_word' id='word_1_60' title='bbox 317 1332 411 1417; x_wconf 83' lang='grc' dir='ltr'>δεινην</span> <span class='ocrx_word' id='word_1_61' title='bbox 434 1329 476 1405; x_wconf 84' lang='grc' dir='ltr'><strong>εἷς</strong></span> <span class='ocrx_word' id='word_1_62' title='bbox 520 1329 609 1396; x_wconf 68' lang='grc' dir='ltr'>αὑτοῦ</span> <span class='ocrx_word' id='word_1_63' title='bbox 632 1331 719 1404; x_wconf 77' lang='grc' dir='ltr'>δόξαν</span> <span class='ocrx_word' id='word_1_64' title='bbox 742 1331 870 1404; x_wconf 78' lang='grc' dir='ltr'>ἕκαστος</span> <span class='ocrx_word' id='word_1_65' title='bbox 891 1331 964 1417; x_wconf 78' lang='grc' dir='ltr'>ἔχει,</span> <span class='ocrx_word' id='word_1_66' title='bbox 989 1335 1043 1399; x_wconf 91' lang='lat' dir='ltr'><strong>lib.</strong></span> <span class='ocrx_word' id='word_1_67' title='bbox 1070 1336 1089 1397; x_wconf 94' lang='lat' dir='ltr'><strong>b</strong></span> <span class='ocrx_word' id='word_1_68' title='bbox 1114 1334 1197 1413; x_wconf 81' lang='lat' dir='ltr'><strong>(Bm.</strong></span> <span class='ocrx_word' id='word_1_69' title='bbox 1223 1333 1262 1414; x_wconf 78' lang='lat' dir='ltr'><strong>s.)</strong></span> 
     </span>
     <span class='ocr_line' id='line_1_10' title="bbox 316 1435 1131 1524; baseline 0.007 -24"><span class='ocrx_word' id='word_1_70' title='bbox 316 1435 474 1524; x_wconf 74' lang='grc' dir='ltr'>ἐνδὴνεῖς</span> <span class='ocrx_word' id='word_1_71' title='bbox 522 1436 610 1511; x_wconf 77' lang='grc' dir='ltr'>αὐτὸς</span> <span class='ocrx_word' id='word_1_72' title='bbox 633 1439 660 1509; x_wconf 85' lang='grc' dir='ltr'><strong>δ,</strong></span> <span class='ocrx_word' id='word_1_73' title='bbox 743 1437 767 1502; x_wconf 75' lang='grc' dir='ltr'><strong>ἕ.</strong></span> <span class='ocrx_word' id='word_1_74' title='bbox 892 1438 928 1518; x_wconf 64' lang='lat' dir='ltr'><strong>t,</strong></span> <span class='ocrx_word' id='word_1_75' title='bbox 991 1441 1045 1504; x_wconf 92' lang='lat' dir='ltr'><strong>lib.</strong></span> <span class='ocrx_word' id='word_1_76' title='bbox 1071 1463 1131 1506; x_wconf 87' lang='lat' dir='ltr'><strong>ac</strong></span> 
     </span>
     <span class='ocr_line' id='line_1_11' title="bbox 318 1543 1084 1632; baseline 0.004 -24"><span class='ocrx_word' id='word_1_77' title='bbox 318 1543 473 1632; x_wconf 74' lang='grc' dir='ltr'>ἐνδὴνῆν</span> <span class='ocrx_word' id='word_1_78' title='bbox 519 1543 609 1619; x_wconf 73' lang='grc' dir='ltr'>αὐτὸς</span> <span class='ocrx_word' id='word_1_79' title='bbox 631 1545 657 1614; x_wconf 88' lang='grc' dir='ltr'><strong>δ,</strong></span> <span class='ocrx_word' id='word_1_80' title='bbox 741 1544 764 1610; x_wconf 80' lang='grc' dir='ltr'><strong>ἕ.</strong></span> <span class='ocrx_word' id='word_1_81' title='bbox 889 1545 925 1627; x_wconf 65' lang='lat' dir='ltr'><strong>d,</strong></span> <span class='ocrx_word' id='word_1_82' title='bbox 988 1547 1084 1612; x_wconf 89' lang='lat' dir='ltr'><strong>lib.e</strong></span> 
     </span>
     <span class='ocr_line' id='line_1_12' title="bbox 317 1649 1437 1739; baseline -0.001 -25"><span class='ocrx_word' id='word_1_83' title='bbox 317 1649 347 1714; x_wconf 85' lang='grc' dir='ltr'><strong>ἐν</strong></span> <span class='ocrx_word' id='word_1_84' title='bbox 370 1651 407 1739; x_wconf 91' lang='grc' dir='ltr'><strong>δη</strong></span> <span class='ocrx_word' id='word_1_85' title='bbox 429 1674 466 1739; x_wconf 92' lang='grc' dir='ltr'><strong>ην</strong></span> <span class='ocrx_word' id='word_1_86' title='bbox 518 1649 607 1725; x_wconf 68' lang='grc' dir='ltr'><strong>αὐτὸς</strong></span> <span class='ocrx_word' id='word_1_87' title='bbox 631 1653 657 1718; x_wconf 91' lang='grc' dir='ltr'><strong>δ.</strong></span> <span class='ocrx_word' id='word_1_88' title='bbox 742 1650 766 1722; x_wconf 81' lang='grc' dir='ltr'><strong>ἕ,</strong></span> <span class='ocrx_word' id='word_1_89' title='bbox 889 1651 924 1730; x_wconf 70' lang='lat' dir='ltr'><strong>e,</strong></span> <span class='ocrx_word' id='word_1_90' title='bbox 988 1654 1093 1734; x_wconf 67' lang='lat' dir='ltr'><strong>vind„</strong></span> <span class='ocrx_word' id='word_1_91' title='bbox 1118 1654 1172 1718; x_wconf 92' lang='lat' dir='ltr'><strong>sed</strong></span> <span class='ocrx_word' id='word_1_92' title='bbox 1190 1675 1270 1718; x_wconf 91' lang='lat' dir='ltr'><strong>corr.</strong></span> <span class='ocrx_word' id='word_1_93' title='bbox 1295 1649 1437 1737; x_wconf 82' lang='grc' dir='ltr'>ὲνδὴνῆν</span> 
     </span>
     <span class='ocr_line' id='line_1_13' title="bbox 317 1756 959 1846; baseline 0.005 -25"><span class='ocrx_word' id='word_1_94' title='bbox 317 1756 611 1846; x_wconf 59' lang='lat' dir='ltr'><strong>reuectusque&lt;</strong></span> <span class='ocrx_word' id='word_1_95' title='bbox 633 1760 698 1826; x_wconf 73' lang='grc' dir='ltr'><strong>κτλ.</strong></span> <span class='ocrx_word' id='word_1_96' title='bbox 722 1762 821 1846; x_wconf 91' lang='lat' dir='ltr'><strong>vulgo</strong></span> <span class='ocrx_word' id='word_1_97' title='bbox 846 1761 959 1825; x_wconf 90' lang='lat' dir='ltr'><strong>editur.</strong></span> 
     </span>
     <span class='ocr_line' id='line_1_14' title="bbox 152 1867 1436 1954; baseline -0.001 -22"><span class='ocrx_word' id='word_1_98' title='bbox 152 1867 344 1932; x_wconf 74' lang='lat' dir='ltr'><strong>(triticorum</strong></span> <span class='ocrx_word' id='word_1_99' title='bbox 368 1891 496 1953; x_wconf 89' lang='lat' dir='ltr'><strong>quoque</strong></span> <span class='ocrx_word' id='word_1_100' title='bbox 512 1869 691 1934; x_wconf 88' lang='lat' dir='ltr'><strong>tentamina</strong></span> <span class='ocrx_word' id='word_1_101' title='bbox 707 1893 726 1934; x_wconf 87' lang='lat' dir='ltr'><strong>a</strong></span> <span class='ocrx_word' id='word_1_102' title='bbox 743 1869 883 1954; x_wconf 87' lang='lat' dir='ltr'><strong>Bergkio</strong></span> <span class='ocrx_word' id='word_1_103' title='bbox 901 1867 1036 1932; x_wconf 87' lang='lat' dir='ltr'><strong>collecta</strong></span> <span class='ocrx_word' id='word_1_104' title='bbox 1057 1890 1190 1932; x_wconf 90' lang='lat' dir='ltr'><strong>numero</strong></span> <span class='ocrx_word' id='word_1_105' title='bbox 1207 1890 1303 1951; x_wconf 88' lang='lat' dir='ltr'><strong>quam</strong></span> <span class='ocrx_word' id='word_1_106' title='bbox 1319 1871 1436 1932; x_wconf 86' lang='lat' dir='ltr'><strong>eventu</strong></span> 
     </span>
     <span class='ocr_line' id='line_1_15' title="bbox 153 1975 811 2059; baseline 0.002 -21"><span class='ocrx_word' id='word_1_107' title='bbox 153 1975 391 2056; x_wconf 81' lang='lat' dir='ltr'><strong>praestantiora</strong></span> <span class='ocrx_word' id='word_1_108' title='bbox 414 1976 447 2040; x_wconf 93' lang='lat' dir='ltr'><strong>in</strong></span> <span class='ocrx_word' id='word_1_109' title='bbox 471 1977 611 2041; x_wconf 90' lang='lat' dir='ltr'><strong>medium</strong></span> <span class='ocrx_word' id='word_1_110' title='bbox 633 1977 811 2059; x_wconf 85' lang='lat' dir='ltr'><strong>proferam:</strong></span> 
     </span>
    </p>

    <p class='ocr_par' dir='ltr' id='par_1_7' title="bbox 153 2077 1440 4303">
     <span class='ocr_line' id='line_1_16' title="bbox 262 2077 1438 2166; baseline 0.004 -26"><span class='ocrx_word' id='word_1_111' title='bbox 262 2077 388 2166; x_wconf 77' lang='grc' dir='ltr'>δηνεόειν</span> <span class='ocrx_word' id='word_1_112' title='bbox 423 2077 512 2154; x_wconf 58' lang='lat' dir='ltr'><strong>adadu</strong></span> <span class='ocrx_word' id='word_1_113' title='bbox 544 2083 653 2166; x_wconf 82' lang='lat' dir='ltr'><strong>Bergk</strong></span> <span class='ocrx_word' id='word_1_114' title='bbox 688 2083 825 2147; x_wconf 83' lang='lat' dir='ltr'><strong>feliciter</strong></span> <span class='ocrx_word' id='word_1_115' title='bbox 860 2082 997 2146; x_wconf 90' lang='lat' dir='ltr'><strong>coniecit</strong></span> <span class='ocrx_word' id='word_1_116' title='bbox 1031 2088 1063 2147; x_wconf 91' lang='lat' dir='ltr'><strong>et</strong></span> <span class='ocrx_word' id='word_1_117' title='bbox 1092 2082 1125 2145; x_wconf 94' lang='lat' dir='ltr'><strong>in</strong></span> <span class='ocrx_word' id='word_1_118' title='bbox 1158 2086 1281 2147; x_wconf 81' lang='lat' dir='ltr'><strong>textum</strong></span> <span class='ocrx_word' id='word_1_119' title='bbox 1317 2080 1438 2164; x_wconf 87' lang='lat' dir='ltr'><strong>recepit</strong></span> 
     </span>
     <span class='ocr_line' id='line_1_17' title="bbox 153 2183 1437 2274; baseline -0.002 -23"><span class='ocrx_word' id='word_1_120' title='bbox 153 2189 372 2270; x_wconf 88' lang='lat' dir='ltr'><strong>interpretans</strong></span> <span class='ocrx_word' id='word_1_121' title='bbox 406 2185 634 2274; x_wconf 81' lang='lat' dir='ltr'><strong>‘unusquisque</strong></span> <span class='ocrx_word' id='word_1_122' title='bbox 669 2189 839 2254; x_wconf 89' lang='lat' dir='ltr'><strong>callidus</strong></span> <span class='ocrx_word' id='word_1_123' title='bbox 874 2211 957 2254; x_wconf 85' lang='lat' dir='ltr'><strong>esse</strong></span> <span class='ocrx_word' id='word_1_124' title='bbox 988 2189 1048 2254; x_wconf 88' lang='lat' dir='ltr'><strong>sibi</strong></span> <span class='ocrx_word' id='word_1_125' title='bbox 1081 2185 1230 2266; x_wconf 75' lang='lat' dir='ltr'><strong>videtur³3</strong></span> <span class='ocrx_word' id='word_1_126' title='bbox 1261 2187 1366 2271; x_wconf 78' lang='grc' dir='ltr'>κεδνὴν</span> <span class='ocrx_word' id='word_1_127' title='bbox 1396 2183 1437 2258; x_wconf 80' lang='grc' dir='ltr'><strong>εἷς</strong></span> 
     </span>
     <span class='ocr_line' id='line_1_18' title="bbox 154 2289 1436 2380; baseline 0.005 -26"><span class='ocrx_word' id='word_1_128' title='bbox 154 2289 243 2357; x_wconf 71' lang='grc' dir='ltr'>αὑτοῦ</span> <span class='ocrx_word' id='word_1_129' title='bbox 272 2295 443 2377; x_wconf 85' lang='lat' dir='ltr'><strong>Emperius</strong></span> <span class='ocrx_word' id='word_1_130' title='bbox 471 2297 550 2360; x_wconf 87' lang='lat' dir='ltr'><strong>scite</strong></span> <span class='ocrx_word' id='word_1_131' title='bbox 578 2296 715 2372; x_wconf 87' lang='lat' dir='ltr'><strong>refinxit,</strong></span> <span class='ocrx_word' id='word_1_132' title='bbox 748 2290 835 2357; x_wconf 78' lang='grc' dir='ltr'>αἰνεῖν</span> <span class='ocrx_word' id='word_1_133' title='bbox 866 2294 902 2380; x_wconf 84' lang='grc' dir='ltr'><strong>ἣν</strong></span> <span class='ocrx_word' id='word_1_134' title='bbox 925 2290 1014 2365; x_wconf 75' lang='grc' dir='ltr'>αὐτός</span> <span class='ocrx_word' id='word_1_135' title='bbox 1045 2295 1211 2359; x_wconf 62' lang='lat' dir='ltr'><strong>&#39;Hermann</strong></span> <span class='ocrx_word' id='word_1_136' title='bbox 1241 2296 1436 2380; x_wconf 83' lang='lat' dir='ltr'><strong>languidius,</strong></span> 
     </span>
     <span class='ocr_line' id='line_1_19' title="bbox 154 2396 1435 2486; baseline 0.002 -22"><span class='ocrx_word' id='word_1_137' title='bbox 154 2401 186 2464; x_wconf 89' lang='lat' dir='ltr'><strong>ni</strong></span> <span class='ocrx_word' id='word_1_138' title='bbox 210 2402 322 2475; x_wconf 83' lang='lat' dir='ltr'><strong>fallor;</strong></span> <span class='ocrx_word' id='word_1_139' title='bbox 346 2397 379 2464; x_wconf 81' lang='lat' dir='ltr'><strong>eb</strong></span> <span class='ocrx_word' id='word_1_140' title='bbox 394 2397 453 2486; x_wconf 81' lang='grc' dir='ltr'>ῥεῖν</span> <span class='ocrx_word' id='word_1_141' title='bbox 469 2396 512 2473; x_wconf 81' lang='grc' dir='ltr'><strong>εἷς</strong></span> <span class='ocrx_word' id='word_1_142' title='bbox 528 2397 618 2474; x_wconf 78' lang='grc' dir='ltr'><strong>αὐτός</strong></span> <span class='ocrx_word' id='word_1_143' title='bbox 641 2401 875 2472; x_wconf 82' lang='lat' dir='ltr'><strong>Schneidewin,</strong></span> <span class='ocrx_word' id='word_1_144' title='bbox 900 2402 986 2485; x_wconf 92' lang='lat' dir='ltr'><strong>quod</strong></span> <span class='ocrx_word' id='word_1_145' title='bbox 1007 2425 1026 2465; x_wconf 87' lang='lat' dir='ltr'><strong>a</strong></span> <span class='ocrx_word' id='word_1_146' title='bbox 1049 2402 1168 2466; x_wconf 88' lang='lat' dir='ltr'><strong>tradito</strong></span> <span class='ocrx_word' id='word_1_147' title='bbox 1185 2401 1276 2467; x_wconf 88' lang='lat' dir='ltr'><strong>valde</strong></span> <span class='ocrx_word' id='word_1_148' title='bbox 1292 2402 1435 2480; x_wconf 88' lang='lat' dir='ltr'><strong>aberrat;</strong></span> 
     </span>
     <span class='ocr_line' id='line_1_20' title="bbox 154 2503 1436 2595; baseline 0.005 -27"><span class='ocrx_word' id='word_1_149' title='bbox 154 2503 289 2592; x_wconf 76' lang='grc' dir='ltr'>εὐθηνεῖν</span> <span class='ocrx_word' id='word_1_150' title='bbox 313 2509 345 2590; x_wconf 79' lang='lat' dir='ltr'><strong>(i.</strong></span> <span class='ocrx_word' id='word_1_151' title='bbox 370 2531 397 2576; x_wconf 83' lang='lat' dir='ltr'><strong>e.</strong></span> <span class='ocrx_word' id='word_1_152' title='bbox 422 2508 504 2573; x_wconf 91' lang='lat' dir='ltr'><strong>bene</strong></span> <span class='ocrx_word' id='word_1_153' title='bbox 528 2509 646 2589; x_wconf 89' lang='lat' dir='ltr'><strong>valere)</strong></span> <span class='ocrx_word' id='word_1_154' title='bbox 670 2504 760 2580; x_wconf 78' lang='grc' dir='ltr'><strong>αὐτός</strong></span> <span class='ocrx_word' id='word_1_155' title='bbox 777 2509 904 2573; x_wconf 86' lang='lat' dir='ltr'><strong>Abrens</strong></span> <span class='ocrx_word' id='word_1_156' title='bbox 928 2514 961 2572; x_wconf 90' lang='lat' dir='ltr'><strong>et</strong></span> <span class='ocrx_word' id='word_1_157' title='bbox 978 2508 1131 2595; x_wconf 88' lang='lat' dir='ltr'><strong>Hartung</strong></span> <span class='ocrx_word' id='word_1_158' title='bbox 1153 2510 1347 2589; x_wconf 87' lang='lat' dir='ltr'><strong>maluerunt,</strong></span> <span class='ocrx_word' id='word_1_159' title='bbox 1371 2532 1436 2574; x_wconf 91' lang='lat' dir='ltr'><strong>non</strong></span> 
     </span>
     <span class='ocr_line' id='line_1_21' title="bbox 153 2611 1435 2700; baseline 0.004 -23"><span class='ocrx_word' id='word_1_160' title='bbox 153 2615 281 2680; x_wconf 87' lang='lat' dir='ltr'><strong>inficete</strong></span> <span class='ocrx_word' id='word_1_161' title='bbox 309 2615 358 2679; x_wconf 93' lang='lat' dir='ltr'><strong>illi</strong></span> <span class='ocrx_word' id='word_1_162' title='bbox 388 2615 535 2698; x_wconf 93' lang='lat' dir='ltr'><strong>quidem;</strong></span> <span class='ocrx_word' id='word_1_163' title='bbox 565 2612 643 2700; x_wconf 84' lang='grc' dir='ltr'>ἥδειν</span> <span class='ocrx_word' id='word_1_164' title='bbox 676 2614 709 2700; x_wconf 78' lang='grc' dir='ltr'><strong>ἢν</strong></span> <span class='ocrx_word' id='word_1_165' title='bbox 739 2611 829 2687; x_wconf 72' lang='grc' dir='ltr'><strong>αὐτός</strong></span> <span class='ocrx_word' id='word_1_166' title='bbox 860 2615 978 2681; x_wconf 90' lang='lat' dir='ltr'><strong>Linder</strong></span> <span class='ocrx_word' id='word_1_167' title='bbox 1012 2618 1256 2698; x_wconf 88' lang='lat' dir='ltr'><strong>commendavit,</strong></span> <span class='ocrx_word' id='word_1_168' title='bbox 1288 2617 1435 2682; x_wconf 88' lang='lat' dir='ltr'><strong>Meineke</strong></span> 
     </span>
     <span class='ocr_line' id='line_1_22' title="bbox 153 2716 1435 2809; baseline 0 -27"><span class='ocrx_word' id='word_1_169' title='bbox 153 2718 273 2805; x_wconf 79' lang='grc' dir='ltr'>ἥνδανεν</span> <span class='ocrx_word' id='word_1_170' title='bbox 287 2718 323 2807; x_wconf 81' lang='grc' dir='ltr'><strong>ἥν</strong></span> <span class='ocrx_word' id='word_1_171' title='bbox 339 2717 437 2804; x_wconf 78' lang='grc' dir='ltr'>αι’)τός,</span> <span class='ocrx_word' id='word_1_172' title='bbox 462 2720 578 2788; x_wconf 85' lang='lat' dir='ltr'><strong>Sitzler</strong></span> <span class='ocrx_word' id='word_1_173' title='bbox 593 2720 623 2782; x_wconf 80' lang='grc' dir='ltr'><strong>ἓν</strong></span> <span class='ocrx_word' id='word_1_174' title='bbox 639 2716 664 2782; x_wconf 86' lang='grc' dir='ltr'><strong>δ’</strong></span> <span class='ocrx_word' id='word_1_175' title='bbox 675 2717 752 2806; x_wconf 80' lang='grc' dir='ltr'>ἥξειν</span> <span class='ocrx_word' id='word_1_176' title='bbox 768 2716 858 2803; x_wconf 78' lang='grc' dir='ltr'><strong>αὐτῷ,</strong></span> <span class='ocrx_word' id='word_1_177' title='bbox 882 2722 1023 2788; x_wconf 87' lang='lat' dir='ltr'><strong>Leutsch</strong></span> <span class='ocrx_word' id='word_1_178' title='bbox 1046 2717 1174 2805; x_wconf 73' lang='grc' dir='ltr'>εὖδεινήν</span> <span class='ocrx_word' id='word_1_179' title='bbox 1190 2721 1222 2809; x_wconf 86' lang='lat' dir='ltr'><strong>(i.</strong></span> <span class='ocrx_word' id='word_1_180' title='bbox 1235 2746 1262 2788; x_wconf 91' lang='lat' dir='ltr'><strong>e.</strong></span> <span class='ocrx_word' id='word_1_181' title='bbox 1275 2719 1435 2806; x_wconf 74' lang='grc' dir='ltr'>εὖδιεινην),</span> 
     </span>
     <span class='ocr_line' id='line_1_23' title="bbox 154 2824 1435 2914; baseline 0.002 -22"><span class='ocrx_word' id='word_1_182' title='bbox 154 2827 382 2896; x_wconf 80' lang='lat' dir='ltr'><strong>Hill.-Crusius</strong></span> <span class='ocrx_word' id='word_1_183' title='bbox 405 2824 438 2892; x_wconf 80' lang='lat' dir='ltr'><strong>ab</strong></span> <span class='ocrx_word' id='word_1_184' title='bbox 458 2825 551 2914; x_wconf 69' lang='grc' dir='ltr'>δεινήν</span> <span class='ocrx_word' id='word_1_185' title='bbox 574 2830 752 2912; x_wconf 83' lang='lat' dir='ltr'><strong>proposuit.</strong></span> <span class='ocrx_word' id='word_1_186' title='bbox 799 2829 837 2892; x_wconf 94' lang='lat' dir='ltr'><strong>In</strong></span> <span class='ocrx_word' id='word_1_187' title='bbox 862 2833 954 2893; x_wconf 87' lang='lat' dir='ltr'><strong>tanto</strong></span> <span class='ocrx_word' id='word_1_188' title='bbox 971 2829 1249 2914; x_wconf 80' lang='lat' dir='ltr'><strong>sagacissimorum</strong></span> <span class='ocrx_word' id='word_1_189' title='bbox 1268 2830 1435 2895; x_wconf 90' lang='lat' dir='ltr'><strong>homiuum</strong></span> 
     </span>
     <span class='ocr_line' id='line_1_24' title="bbox 155 2935 1437 3022; baseline 0.001 -23"><span class='ocrx_word' id='word_1_190' title='bbox 155 2936 328 3002; x_wconf 86' lang='lat' dir='ltr'><strong>certamine</strong></span> <span class='ocrx_word' id='word_1_191' title='bbox 355 2937 383 3000; x_wconf 91' lang='lat' dir='ltr'><strong>si</strong></span> <span class='ocrx_word' id='word_1_192' title='bbox 412 2936 490 3022; x_wconf 93' lang='lat' dir='ltr'><strong>quid</strong></span> <span class='ocrx_word' id='word_1_193' title='bbox 518 2936 593 3001; x_wconf 89' lang='lat' dir='ltr'><strong>novi</strong></span> <span class='ocrx_word' id='word_1_194' title='bbox 622 2957 792 3018; x_wconf 84' lang='lat' dir='ltr'><strong>procreare</strong></span> <span class='ocrx_word' id='word_1_195' title='bbox 823 2935 936 3015; x_wconf 88' lang='lat' dir='ltr'><strong>ausim,</strong></span> <span class='ocrx_word' id='word_1_196' title='bbox 964 2957 1076 3002; x_wconf 91' lang='lat' dir='ltr'><strong>vereor</strong></span> <span class='ocrx_word' id='word_1_197' title='bbox 1104 2959 1144 3002; x_wconf 92' lang='lat' dir='ltr'><strong>ne</strong></span> <span class='ocrx_word' id='word_1_198' title='bbox 1172 2936 1289 3002; x_wconf 88' lang='lat' dir='ltr'><strong>nimiae</strong></span> <span class='ocrx_word' id='word_1_199' title='bbox 1318 2959 1437 3022; x_wconf 86' lang='lat' dir='ltr'><strong>arguar</strong></span> 
     </span>
     <span class='ocr_line' id='line_1_25' title="bbox 154 3041 1436 3126; baseline 0.003 -22"><span class='ocrx_word' id='word_1_200' title='bbox 154 3041 298 3120; x_wconf 87' lang='lat' dir='ltr'><strong>fiduciae,</strong></span> <span class='ocrx_word' id='word_1_201' title='bbox 331 3043 386 3107; x_wconf 89' lang='lat' dir='ltr'><strong>sed</strong></span> <span class='ocrx_word' id='word_1_202' title='bbox 415 3043 448 3107; x_wconf 94' lang='lat' dir='ltr'><strong>in</strong></span> <span class='ocrx_word' id='word_1_203' title='bbox 479 3065 513 3107; x_wconf 88' lang='lat' dir='ltr'><strong>re</strong></span> <span class='ocrx_word' id='word_1_204' title='bbox 541 3049 607 3107; x_wconf 91' lang='lat' dir='ltr'><strong>tam</strong></span> <span class='ocrx_word' id='word_1_205' title='bbox 639 3042 773 3126; x_wconf 89' lang='lat' dir='ltr'><strong>ancipiti</strong></span> <span class='ocrx_word' id='word_1_206' title='bbox 801 3043 901 3108; x_wconf 90' lang='lat' dir='ltr'><strong>cuivis</strong></span> <span class='ocrx_word' id='word_1_207' title='bbox 928 3043 1038 3108; x_wconf 87' lang='lat' dir='ltr'><strong>licebit</strong></span> <span class='ocrx_word' id='word_1_208' title='bbox 1068 3044 1263 3108; x_wconf 86' lang='lat' dir='ltr'><strong>sententiam</strong></span> <span class='ocrx_word' id='word_1_209' title='bbox 1291 3045 1436 3126; x_wconf 88' lang='lat' dir='ltr'><strong>proferre</strong></span> 
     </span>
     <span class='ocr_line' id='line_1_26' title="bbox 154 3149 1437 3233; baseline -0.001 -21"><span class='ocrx_word' id='word_1_210' title='bbox 154 3171 255 3213; x_wconf 88' lang='lat' dir='ltr'><strong>suam.</strong></span> <span class='ocrx_word' id='word_1_211' title='bbox 294 3151 362 3215; x_wconf 89' lang='lat' dir='ltr'><strong>Iam</strong></span> <span class='ocrx_word' id='word_1_212' title='bbox 386 3150 523 3215; x_wconf 89' lang='lat' dir='ltr'><strong>traditas</strong></span> <span class='ocrx_word' id='word_1_213' title='bbox 547 3149 672 3214; x_wconf 86' lang='lat' dir='ltr'><strong>litteras</strong></span> <span class='ocrx_word' id='word_1_214' title='bbox 696 3150 933 3231; x_wconf 85' lang='lat' dir='ltr'><strong>contemplatus</strong></span> <span class='ocrx_word' id='word_1_215' title='bbox 956 3150 1050 3213; x_wconf 87' lang='lat' dir='ltr'><strong>facile</strong></span> <span class='ocrx_word' id='word_1_216' title='bbox 1074 3150 1152 3213; x_wconf 88' lang='lat' dir='ltr'><strong>mibi</strong></span> <span class='ocrx_word' id='word_1_217' title='bbox 1175 3151 1321 3232; x_wconf 84' lang='lat' dir='ltr'><strong>persuasi</strong></span> <span class='ocrx_word' id='word_1_218' title='bbox 1344 3149 1437 3233; x_wconf 76' lang='grc' dir='ltr'>δεινήν</span> 
     </span>
     <span class='ocr_line' id='line_1_27' title="bbox 154 3256 1436 3339; baseline 0.002 -19"><span class='ocrx_word' id='word_1_219' title='bbox 154 3256 234 3320; x_wconf 89' lang='lat' dir='ltr'><strong>illud</strong></span> <span class='ocrx_word' id='word_1_220' title='bbox 258 3257 330 3321; x_wconf 89' lang='lat' dir='ltr'><strong>libri</strong></span> <span class='ocrx_word' id='word_1_221' title='bbox 355 3258 376 3321; x_wconf 93' lang='lat' dir='ltr'><strong>b</strong></span> <span class='ocrx_word' id='word_1_222' title='bbox 399 3280 519 3321; x_wconf 88' lang='lat' dir='ltr'><strong>meram</strong></span> <span class='ocrx_word' id='word_1_223' title='bbox 544 3258 760 3322; x_wconf 88' lang='lat' dir='ltr'><strong>coniecturam</strong></span> <span class='ocrx_word' id='word_1_224' title='bbox 784 3256 907 3320; x_wconf 90' lang='lat' dir='ltr'><strong>librarii</strong></span> <span class='ocrx_word' id='word_1_225' title='bbox 931 3261 1054 3320; x_wconf 84' lang='lat' dir='ltr'><strong>textum</strong></span> <span class='ocrx_word' id='word_1_226' title='bbox 1076 3257 1138 3320; x_wconf 87' lang='lat' dir='ltr'><strong>iarn</strong></span> <span class='ocrx_word' id='word_1_227' title='bbox 1155 3261 1233 3322; x_wconf 90' lang='lat' dir='ltr'><strong>tunc</strong></span> <span class='ocrx_word' id='word_1_228' title='bbox 1250 3263 1436 3339; x_wconf 89' lang='lat' dir='ltr'><strong>corruptum</strong></span> 
     </span>
     <span class='ocr_line' id='line_1_28' title="bbox 156 3363 1438 3448; baseline 0.002 -23"><span class='ocrx_word' id='word_1_229' title='bbox 156 3364 324 3428; x_wconf 85' lang='lat' dir='ltr'><strong>emendare</strong></span> <span class='ocrx_word' id='word_1_230' title='bbox 356 3364 495 3430; x_wconf 91' lang='lat' dir='ltr'><strong>volentis</strong></span> <span class='ocrx_word' id='word_1_231' title='bbox 525 3387 608 3441; x_wconf 81' lang='lat' dir='ltr'><strong>esse3</strong></span> <span class='ocrx_word' id='word_1_232' title='bbox 644 3363 910 3446; x_wconf 89' lang='lat' dir='ltr'><strong>proficiscendum</strong></span> <span class='ocrx_word' id='word_1_233' title='bbox 945 3363 1046 3448; x_wconf 89' lang='lat' dir='ltr'><strong>igitur</strong></span> <span class='ocrx_word' id='word_1_234' title='bbox 1081 3385 1194 3428; x_wconf 89' lang='lat' dir='ltr'><strong>censeo</strong></span> <span class='ocrx_word' id='word_1_235' title='bbox 1226 3387 1245 3428; x_wconf 90' lang='lat' dir='ltr'><strong>a</strong></span> <span class='ocrx_word' id='word_1_236' title='bbox 1277 3365 1438 3446; x_wconf 89' lang='lat' dir='ltr'><strong>corruptis</strong></span> 
     </span>
     <span class='ocr_line' id='line_1_29' title="bbox 155 3470 1438 3554; baseline 0.002 -21"><span class='ocrx_word' id='word_1_237' title='bbox 155 3470 349 3536; x_wconf 86' lang='lat' dir='ltr'><strong>lectionibus</strong></span> <span class='ocrx_word' id='word_1_238' title='bbox 364 3472 501 3537; x_wconf 92' lang='lat' dir='ltr'><strong>aliorum</strong></span> <span class='ocrx_word' id='word_1_239' title='bbox 518 3472 672 3536; x_wconf 88' lang='lat' dir='ltr'><strong>codicum.</strong></span> <span class='ocrx_word' id='word_1_240' title='bbox 719 3470 855 3536; x_wconf 88' lang='lat' dir='ltr'><strong>Sensum</strong></span> <span class='ocrx_word' id='word_1_241' title='bbox 879 3492 965 3547; x_wconf 84' lang='lat' dir='ltr'><strong>vero,</strong></span> <span class='ocrx_word' id='word_1_242' title='bbox 989 3471 1044 3554; x_wconf 94' lang='lat' dir='ltr'><strong>qui</strong></span> <span class='ocrx_word' id='word_1_243' title='bbox 1061 3470 1247 3536; x_wconf 82' lang='lat' dir='ltr'><strong>efficiendus</strong></span> <span class='ocrx_word' id='word_1_244' title='bbox 1269 3477 1327 3551; x_wconf 86' lang='lat' dir='ltr'><strong>est,</strong></span> <span class='ocrx_word' id='word_1_245' title='bbox 1352 3472 1438 3536; x_wconf 88' lang='lat' dir='ltr'><strong>buno</strong></span> 
     </span>
     <span class='ocr_line' id='line_1_30' title="bbox 157 3573 1439 3663; baseline 0.002 -23"><span class='ocrx_word' id='word_1_246' title='bbox 157 3577 221 3642; x_wconf 83' lang='lat' dir='ltr'><strong>sere</strong></span> <span class='ocrx_word' id='word_1_247' title='bbox 245 3600 314 3643; x_wconf 89' lang='lat' dir='ltr'><strong>esse</strong></span> <span class='ocrx_word' id='word_1_248' title='bbox 338 3601 432 3642; x_wconf 92' lang='lat' dir='ltr'><strong>nemo</strong></span> <span class='ocrx_word' id='word_1_249' title='bbox 456 3600 522 3644; x_wconf 93' lang='lat' dir='ltr'><strong>non</strong></span> <span class='ocrx_word' id='word_1_250' title='bbox 544 3579 647 3644; x_wconf 89' lang='lat' dir='ltr'><strong>videt:</strong></span> <span class='ocrx_word' id='word_1_251' title='bbox 670 3573 914 3663; x_wconf 74' lang='lat' dir='ltr'><strong>‘Unusquisque</strong></span> <span class='ocrx_word' id='word_1_252' title='bbox 937 3577 1067 3640; x_wconf 91' lang='lat' dir='ltr'><strong>nimiam</strong></span> <span class='ocrx_word' id='word_1_253' title='bbox 1093 3578 1142 3641; x_wconf 89' lang='lat' dir='ltr'><strong>sui</strong></span> <span class='ocrx_word' id='word_1_254' title='bbox 1166 3577 1316 3643; x_wconf 89' lang='lat' dir='ltr'><strong>fiduciam</strong></span> <span class='ocrx_word' id='word_1_255' title='bbox 1340 3579 1439 3643; x_wconf 89' lang='lat' dir='ltr'><strong>habet</strong></span> 
     </span>
     <span class='ocr_line' id='line_1_31' title="bbox 155 3684 1439 3770; baseline 0.003 -24"><span class='ocrx_word' id='word_1_256' title='bbox 155 3685 208 3748; x_wconf 93' lang='lat' dir='ltr'><strong>vel</strong></span> <span class='ocrx_word' id='word_1_257' title='bbox 234 3684 320 3750; x_wconf 88' lang='lat' dir='ltr'><strong>iusto</strong></span> <span class='ocrx_word' id='word_1_258' title='bbox 348 3686 485 3750; x_wconf 88' lang='lat' dir='ltr'><strong>maiores</strong></span> <span class='ocrx_word' id='word_1_259' title='bbox 515 3709 588 3768; x_wconf 89' lang='lat' dir='ltr'><strong>spes</strong></span> <span class='ocrx_word' id='word_1_260' title='bbox 616 3685 701 3754; x_wconf 87' lang='lat' dir='ltr'><strong>atit&#39;:</strong></span> <span class='ocrx_word' id='word_1_261' title='bbox 734 3685 766 3749; x_wconf 94' lang='lat' dir='ltr'><strong>id</strong></span> <span class='ocrx_word' id='word_1_262' title='bbox 797 3685 882 3749; x_wconf 89' lang='lat' dir='ltr'><strong>enim</strong></span> <span class='ocrx_word' id='word_1_263' title='bbox 905 3706 922 3749; x_wconf 94' lang='lat' dir='ltr'><strong>e</strong></span> <span class='ocrx_word' id='word_1_264' title='bbox 946 3684 1082 3750; x_wconf 86' lang='lat' dir='ltr'><strong>disticho</strong></span> <span class='ocrx_word' id='word_1_265' title='bbox 1106 3686 1321 3770; x_wconf 90' lang='lat' dir='ltr'><strong>subsequente</strong></span> <span class='ocrx_word' id='word_1_266' title='bbox 1345 3686 1439 3750; x_wconf 85' lang='lat' dir='ltr'><strong>facile</strong></span> 
     </span>
     <span class='ocr_line' id='line_1_32' title="bbox 157 3787 1437 3876; baseline 0.003 -23"><span class='ocrx_word' id='word_1_267' title='bbox 157 3789 301 3875; x_wconf 86' lang='lat' dir='ltr'><strong>colligas.</strong></span> <span class='ocrx_word' id='word_1_268' title='bbox 342 3791 547 3876; x_wconf 78' lang='lat' dir='ltr'><strong>Consequens</strong></span> <span class='ocrx_word' id='word_1_269' title='bbox 571 3797 629 3869; x_wconf 87' lang='lat' dir='ltr'><strong>est,</strong></span> <span class='ocrx_word' id='word_1_270' title='bbox 654 3799 691 3856; x_wconf 90' lang='lat' dir='ltr'><strong>ut</strong></span> <span class='ocrx_word' id='word_1_271' title='bbox 715 3793 805 3856; x_wconf 90' lang='lat' dir='ltr'><strong>notio</strong></span> <span class='ocrx_word' id='word_1_272' title='bbox 824 3787 939 3856; x_wconf 73' lang='lat' dir='ltr'><strong>‘nimii’</strong></span> <span class='ocrx_word' id='word_1_273' title='bbox 961 3791 995 3855; x_wconf 91' lang='lat' dir='ltr'><strong>in</strong></span> <span class='ocrx_word' id='word_1_274' title='bbox 1011 3791 1127 3857; x_wconf 89' lang='lat' dir='ltr'><strong>litteris</strong></span> <span class='ocrx_word' id='word_1_275' title='bbox 1144 3793 1304 3873; x_wconf 88' lang='lat' dir='ltr'><strong>corruptis</strong></span> <span class='ocrx_word' id='word_1_276' title='bbox 1327 3793 1437 3857; x_wconf 87' lang='lat' dir='ltr'><strong>lateat.</strong></span> 
     </span>
     <span class='ocr_line' id='line_1_33' title="bbox 156 3897 1439 3984; baseline 0.001 -23"><span class='ocrx_word' id='word_1_277' title='bbox 156 3897 193 3961; x_wconf 94' lang='lat' dir='ltr'><strong>ln</strong></span> <span class='ocrx_word' id='word_1_278' title='bbox 217 3898 333 3981; x_wconf 90' lang='lat' dir='ltr'><strong>quibus</strong></span> <span class='ocrx_word' id='word_1_279' title='bbox 357 3921 423 3962; x_wconf 90' lang='lat' dir='ltr'><strong>non</strong></span> <span class='ocrx_word' id='word_1_280' title='bbox 446 3901 588 3974; x_wconf 90' lang='lat' dir='ltr'><strong>verbum,</strong></span> <span class='ocrx_word' id='word_1_281' title='bbox 615 3905 650 3964; x_wconf 90' lang='lat' dir='ltr'><strong>ut</strong></span> <span class='ocrx_word' id='word_1_282' title='bbox 666 3905 761 3981; x_wconf 89' lang='lat' dir='ltr'><strong>putat</strong></span> <span class='ocrx_word' id='word_1_283' title='bbox 777 3900 895 3984; x_wconf 86' lang='lat' dir='ltr'><strong>Bergk,</strong></span> <span class='ocrx_word' id='word_1_284' title='bbox 920 3899 976 3964; x_wconf 88' lang='lat' dir='ltr'><strong>sed</strong></span> <span class='ocrx_word' id='word_1_285' title='bbox 995 3899 1178 3963; x_wconf 88' lang='lat' dir='ltr'><strong>adverbium</strong></span> <span class='ocrx_word' id='word_1_286' title='bbox 1196 3899 1228 3962; x_wconf 91' lang='lat' dir='ltr'><strong>in</strong></span> <span class='ocrx_word' id='word_1_287' title='bbox 1245 3898 1314 3983; x_wconf 86' lang='grc' dir='ltr'>-δην</span> <span class='ocrx_word' id='word_1_288' title='bbox 1330 3899 1439 3968; x_wconf 84' lang='lat' dir='ltr'><strong>exiens</strong></span> 
     </span>
     <span class='ocr_line' id='line_1_34' title="bbox 157 4002 1440 4091; baseline 0.002 -24"><span class='ocrx_word' id='word_1_289' title='bbox 157 4004 261 4068; x_wconf 88' lang='lat' dir='ltr'><strong>inesse</strong></span> <span class='ocrx_word' id='word_1_290' title='bbox 284 4027 409 4069; x_wconf 90' lang='lat' dir='ltr'><strong>censeo.</strong></span> <span class='ocrx_word' id='word_1_291' title='bbox 457 4007 506 4070; x_wconf 82' lang='lat' dir='ltr'><strong>Ex</strong></span> <span class='ocrx_word' id='word_1_292' title='bbox 530 4005 585 4083; x_wconf 76' lang='lat' dir='ltr'><strong>eis,</strong></span> <span class='ocrx_word' id='word_1_293' title='bbox 610 4028 693 4090; x_wconf 86' lang='lat' dir='ltr'><strong>quae</strong></span> <span class='ocrx_word' id='word_1_294' title='bbox 717 4006 825 4070; x_wconf 90' lang='lat' dir='ltr'><strong>omnia</strong></span> <span class='ocrx_word' id='word_1_295' title='bbox 849 4007 1013 4091; x_wconf 89' lang='lat' dir='ltr'><strong>congessit</strong></span> <span class='ocrx_word' id='word_1_296' title='bbox 1028 4005 1064 4072; x_wconf 83' lang='grc' dir='ltr'><strong>Ε,</strong></span> <span class='ocrx_word' id='word_1_297' title='bbox 1083 4005 1252 4070; x_wconf 82' lang='lat' dir='ltr'><strong>Frohwein</strong></span> <span class='ocrx_word' id='word_1_298' title='bbox 1276 4002 1440 4072; x_wconf 79' lang='lat' dir='ltr'><strong>in‘Curtii</strong></span> 
     </span>
     <span class='ocr_line' id='line_1_35' title="bbox 157 4106 1438 4199; baseline 0.003 -27"><span class='ocrx_word' id='word_1_299' title='bbox 157 4106 280 4174; x_wconf 81' lang='lat' dir='ltr'><strong>studiis’</strong></span> <span class='ocrx_word' id='word_1_300' title='bbox 303 4113 338 4191; x_wconf 85' lang='lat' dir='ltr'><strong>(l,</strong></span> <span class='ocrx_word' id='word_1_301' title='bbox 365 4116 428 4178; x_wconf 88' lang='grc'><strong>106</strong></span> <span class='ocrx_word' id='word_1_302' title='bbox 452 4113 531 4196; x_wconf 89' lang='lat' dir='ltr'><strong>seq.)</strong></span> <span class='ocrx_word' id='word_1_303' title='bbox 555 4113 675 4195; x_wconf 88' lang='lat' dir='ltr'><strong>optime</strong></span> <span class='ocrx_word' id='word_1_304' title='bbox 705 4112 862 4196; x_wconf 82' lang='lat' dir='ltr'><strong>quadrare</strong></span> <span class='ocrx_word' id='word_1_305' title='bbox 891 4111 983 4177; x_wconf 89' lang='lat' dir='ltr'><strong>video</strong></span> <span class='ocrx_word' id='word_1_306' title='bbox 1015 4112 1198 4176; x_wconf 86' lang='lat' dir='ltr'><strong>adverbium</strong></span> <span class='ocrx_word' id='word_1_307' title='bbox 1223 4111 1330 4199; x_wconf 79' lang='grc' dir='ltr'>ἀνέδην</span> <span class='ocrx_word' id='word_1_308' title='bbox 1353 4114 1385 4190; x_wconf 84' lang='lat' dir='ltr'><strong>(i.</strong></span> <span class='ocrx_word' id='word_1_309' title='bbox 1411 4136 1438 4178; x_wconf 92' lang='lat' dir='ltr'><strong>e.</strong></span> 
     </span>
     <span class='ocr_line' id='line_1_36' title="bbox 157 4212 1440 4303; baseline 0.005 -27"><span class='ocrx_word' id='word_1_310' title='bbox 157 4212 365 4301; x_wconf 76' lang='grc' dir='ltr'>ἐκκεχυμένως</span> <span class='ocrx_word' id='word_1_311' title='bbox 388 4239 449 4282; x_wconf 90' lang='lat' dir='ltr'><strong>sec.</strong></span> <span class='ocrx_word' id='word_1_312' title='bbox 476 4225 552 4285; x_wconf 87' lang='lat' dir='ltr'><strong>vett.</strong></span> <span class='ocrx_word' id='word_1_313' title='bbox 576 4220 663 4300; x_wconf 69' lang='lat' dir='ltr'><strong>len),</strong></span> <span class='ocrx_word' id='word_1_314' title='bbox 688 4241 752 4303; x_wconf 91' lang='lat' dir='ltr'><strong>quo</strong></span> <span class='ocrx_word' id='word_1_315' title='bbox 770 4218 960 4303; x_wconf 84' lang='lat' dir='ltr'><strong>Aeschylus,</strong></span> <span class='ocrx_word' id='word_1_316' title='bbox 984 4223 1141 4303; x_wconf 92' lang='lat' dir='ltr'><strong>quantum</strong></span> <span class='ocrx_word' id='word_1_317' title='bbox 1165 4219 1293 4298; x_wconf 69' lang='lat' dir='ltr'><strong>scimus</strong></span> <span class='ocrx_word' id='word_1_318' title='bbox 1317 4220 1440 4302; x_wconf 89' lang='lat' dir='ltr'><strong>primus</strong></span> 
     </span>
    </p>
   </div>
   <div class='ocr_carea' id='block_1_4' title="bbox 158 4323 1440 4495">
    <p class='ocr_par' dir='ltr' id='par_1_8' title="bbox 158 4323 1440 4495">
     <span class='ocr_line' id='line_1_37' title="bbox 158 4323 1440 4411; baseline 0.004 -25"><span class='ocrx_word' id='word_1_319' title='bbox 158 4324 311 4389; x_wconf 87' lang='lat' dir='ltr'><strong>utebatur</strong></span> <span class='ocrx_word' id='word_1_320' title='bbox 343 4324 467 4408; x_wconf 79' lang='lat' dir='ltr'><strong>(Suppl.</strong></span> <span class='ocrx_word' id='word_1_321' title='bbox 497 4323 557 4411; x_wconf 79' lang='lat'>14).</span> <span class='ocrx_word' id='word_1_322' title='bbox 605 4325 708 4390; x_wconf 81' lang='lat' dir='ltr'><strong>Totus</strong></span> <span class='ocrx_word' id='word_1_323' title='bbox 746 4325 847 4410; x_wconf 87' lang='lat' dir='ltr'><strong>igitur</strong></span> <span class='ocrx_word' id='word_1_324' title='bbox 885 4347 995 4390; x_wconf 91' lang='lat' dir='ltr'><strong>versus</strong></span> <span class='ocrx_word' id='word_1_325' title='bbox 1034 4326 1080 4388; x_wconf 88' lang='lat' dir='ltr'><strong>sic</strong></span> <span class='ocrx_word' id='word_1_326' title='bbox 1119 4326 1322 4392; x_wconf 85' lang='lat' dir='ltr'><strong>excudendus</strong></span> <span class='ocrx_word' id='word_1_327' title='bbox 1361 4327 1440 4392; x_wconf 91' lang='lat' dir='ltr'><strong>mihi</strong></span> 
     </span>
     <span class='ocr_line' id='line_1_38' title="bbox 158 4429 300 4495; baseline 0.007 -1"><span class='ocrx_word' id='word_1_328' title='bbox 158 4429 300 4495; x_wconf 89' lang='lat' dir='ltr'><strong>videtur:</strong></span> 
     </span>
    </p>
   </div>
   <div class='ocr_carea' id='block_1_5' title="bbox 156 4534 1441 4844">
    <p class='ocr_par' dir='ltr' id='par_1_9' title="bbox 156 4534 1441 4844">
     <span class='ocr_line' id='line_1_39' title="bbox 318 4534 951 4624; baseline 0.005 -25"><span class='ocrx_word' id='word_1_329' title='bbox 318 4534 359 4610; x_wconf 84' lang='grc' dir='ltr'><strong>εἷς</strong></span> <span class='ocrx_word' id='word_1_330' title='bbox 383 4535 487 4624; x_wconf 78' lang='grc' dir='ltr'>ἀνέδην</span> <span class='ocrx_word' id='word_1_331' title='bbox 511 4534 600 4610; x_wconf 76' lang='grc' dir='ltr'><strong>αὐτὸς</strong></span> <span class='ocrx_word' id='word_1_332' title='bbox 622 4537 709 4610; x_wconf 78' lang='grc' dir='ltr'>δόξαν</span> <span class='ocrx_word' id='word_1_333' title='bbox 732 4536 858 4610; x_wconf 73' lang='grc' dir='ltr'>ἕκαστος</span> <span class='ocrx_word' id='word_1_334' title='bbox 880 4537 951 4624; x_wconf 78' lang='grc' dir='ltr'>ἔχει,</span> 
     </span>
     <span class='ocr_line' id='line_1_40' title="bbox 156 4640 1441 4729; baseline 0.006 -21"><span class='ocrx_word' id='word_1_335' title='bbox 156 4640 389 4729; x_wconf 89' lang='lat' dir='ltr'><strong>&#39;unusquisque</strong></span> <span class='ocrx_word' id='word_1_336' title='bbox 422 4645 538 4712; x_wconf 89' lang='lat' dir='ltr'><strong>fiducia</strong></span> <span class='ocrx_word' id='word_1_337' title='bbox 566 4669 624 4712; x_wconf 84' lang='lat' dir='ltr'><strong>sua</strong></span> <span class='ocrx_word' id='word_1_338' title='bbox 651 4646 702 4711; x_wconf 93' lang='lat' dir='ltr'><strong>vel</strong></span> <span class='ocrx_word' id='word_1_339' title='bbox 737 4645 889 4729; x_wconf 89' lang='lat' dir='ltr'><strong>opinione</strong></span> <span class='ocrx_word' id='word_1_340' title='bbox 919 4647 1018 4712; x_wconf 85' lang='lat' dir='ltr'><strong>effuse</strong></span> <span class='ocrx_word' id='word_1_341' title='bbox 1048 4648 1114 4713; x_wconf 90' lang='lat' dir='ltr'><strong>sive</strong></span> <span class='ocrx_word' id='word_1_342' title='bbox 1146 4649 1300 4714; x_wconf 89' lang='lat' dir='ltr'><strong>effrenate</strong></span> <span class='ocrx_word' id='word_1_343' title='bbox 1330 4647 1441 4716; x_wconf 78' lang='lat' dir='ltr'><strong>utitur’</strong></span> 
     </span>
     <span class='ocr_line' id='line_1_41' title="bbox 159 4752 1438 4844; baseline 0.005 -29"><span class='ocrx_word' id='word_1_344' title='bbox 159 4773 262 4835; x_wconf 90' lang='lat' dir='ltr'><strong>neque</strong></span> <span class='ocrx_word' id='word_1_345' title='bbox 298 4774 368 4816; x_wconf 89' lang='lat' dir='ltr'><strong>eam</strong></span> <span class='ocrx_word' id='word_1_346' title='bbox 403 4755 511 4819; x_wconf 88' lang='lat' dir='ltr'><strong>frenat</strong></span> <span class='ocrx_word' id='word_1_347' title='bbox 545 4757 601 4818; x_wconf 90' lang='lat' dir='ltr'><strong>aut</strong></span> <span class='ocrx_word' id='word_1_348' title='bbox 636 4759 779 4819; x_wconf 66' lang='lat' dir='ltr'><strong>coercet:</strong></span> <span class='ocrx_word' id='word_1_349' title='bbox 819 4775 933 4836; x_wconf 87' lang='lat' dir='ltr'><strong>nempe</strong></span> <span class='ocrx_word' id='word_1_350' title='bbox 967 4757 1094 4841; x_wconf 62' lang='lat' dir='ltr'><strong>subpar,</strong></span> <span class='ocrx_word' id='word_1_351' title='bbox 1129 4752 1223 4818; x_wconf 79' lang='grc' dir='ltr'>ἐλπίσι</span> <span class='ocrx_word' id='word_1_352' title='bbox 1257 4754 1438 4844; x_wconf 76' lang='grc' dir='ltr'>τερπόμεθν.</span> 
     </span>
    </p>
   </div>
   <div class='ocr_carea' id='block_1_6' title="bbox 0 0 1720 5250">
    <p class='ocr_par' dir='ltr' id='par_1_10' title="bbox 0 0 1720 5250">
     <span class='ocr_line' id='line_1_42' title="bbox 0 0 1720 5250; baseline 0 0"><span class='ocrx_word' id='word_1_353' title='bbox 0 0 1720 5250; x_wconf 95' lang='lat' dir='ltr'><strong> </strong></span> 
     </span>
    </p>
   </div>
  </div>
 </body>
</html>
