3412 5250
813 355 1028 417 ..40-

279 549 312 610 et
342 543 502 611 Hesiodus
536 543 632 610 iudex
665 543 732 610 litis
762 543 987 627 disceptandas
1022 543 1195 609 accersitus
1228 543 1262 608 in
1293 547 1420 609 nostras
1449 548 1563 626 partes

278 651 408 716 accedet
431 649 469 714 de
493 649 638 714 conubiis
660 649 832 735 iungendis
854 649 917 715 hoo
939 649 1086 726 suadens,
1112 649 1178 731 Ops
1197 652 1260 714 696
1285 671 1332 734 sq.

492 760 565 841 μήτε
588 759 745 839 τριήκοντα
765 759 871 822 tector
893 758 976 840 μάλα
998 751 1083 818 πάλλ’
1106 754 1273 818 ἀπολείπων

492 857 560 948 μήτ’
581 859 696 934 ἐπιθεὶς
717 862 801 946 μάλα
823 863 940 925 πολλά·
964 865 1062 947 γάμος
1085 861 1118 924 δὲ
1141 883 1184 924 τοι
1206 857 1293 944 ώριος
1316 857 1408 953 σίιτος,
1448 899 1451 906 ’

279 970 385 1054 Igitur
414 969 542 1034 Solonis
571 970 669 1034 verba
699 971 744 1034 sic
773 974 892 1034 vertas:
922 964 1047 1053 ‘quinta
1073 969 1277 1034 hebdomade>
1303 969 1485 1049 meminerit
1512 971 1562 1034 vir

279 1075 456 1158 opportuni
479 1075 607 1140 conubii
631 1071 803 1161 iungendi.
851 1075 939 1151 Quae
963 1075 1103 1141 cumita
1121 1077 1195 1154 sint,
1222 1075 1352 1141 Orosius
1367 1075 1562 1141 novissimus

281 1183 489 1268 anthologiae
513 1182 616 1247 editor
638 1183 671 1246 in
696 1205 732 1248 eo
757 1183 842 1247 haud
866 1183 932 1247 scio
949 1205 991 1246 an
1007 1205 1074 1248 non
1088 1183 1267 1247 laudandus
1291 1183 1343 1262 sit,
1365 1183 1452 1266 quod
1475 1178 1562 1265 ώριον

280 1291 360 1355 illud
382 1289 525 1358 retinuit.

78 1459 115 1520 (r.
134 1458 196 1508 27a
216 1454 279 1518 (H)·
387 1453 441 1516 46.
464 1451 613 1515 Elocutio
645 1449 750 1534 φρενὸς
779 1446 897 1512 ἔνδοθεν
927 1447 1022 1528 ἄλγεα
1050 1458 1143 1511 κεῖται
1170 1450 1204 1512 in
1233 1450 1272 1515 fr.
1297 1447 1366 1514 ssa
1390 1473 1418 1516 v.
1444 1448 1560 1518 ledit.

282 1557 453 1625 Edi-Orus.

242 1685 243 1688 ¹
360 1678 363 1683 ’
601 1667 734 1743 γινώσκω
759 1699 797 1709 -
824 1663 877 1724 καί
900 1683 948 1747 μοι
971 1665 1075 1748 φρενὸς
1098 1661 1217 1724 ἔνδοθεν
1241 1661 1451 1742 dipensatori

282 1772 350 1836 sine
375 1771 470 1836 dubio
494 1770 636 1837 revocari
658 1773 767 1852 potest
790 1769 830 1833 ad
852 1769 932 1834 illud
1399 1811 1402 1815 -

394 1876 418 1939 n
444 1882 510 1944 522-
530 1901 576 1962 sq.
602 1875 695 1957 ἄλγεα
718 1873 743 1936 δ’
764 1874 860 1960 ἔμπης
886 1872 888 1962 i
915 1873 944 1939 ἐν
967 1877 1053 1960 θυμῷ
1076 1878 1280 1939 κατακεῖσθαι
1305 1873 1428 1960 ἐάσομεν
1443 1931 1448 1944 ,
1466 1932 1517 1942 ...

284 1987 329 2055 Of.
355 1987 451 2051 etiam
474 2007 498 2046 ω
515 1989 579 2050 423
602 1984 705 2056 παιδὸς
728 1988 784 2067 γάρ
806 2000 851 2050 νοτ
874 1981 1001 2046 ἄλαστον
1026 1979 1066 2045 ἐνί
1089 1985 1174 2070 φρεσί
1196 1985 1307 2054 πένθος
1329 1982 1432 2049 ἐ’κειτο,

285 2093 419 2179 Legendi
454 2092 538 2156 enim
573 2094 677 2177 φρενὸς
712 2089 830 2152 ἐ’νδοθεν
858 2091 900 2153 in·
922 2095 1062 2154 mentem
1093 2079 1181 2154 venit
1209 2091 1295 2154 iilius
1327 2091 1490 2154 Homerici
1525 2087 1566 2152 ἐνὶ

284 2203 368 2288 φρεσί
391 2198 431 2286 (ἐν
454 2200 544 2284 θυμῷ
568 2195 650 2285 etc),
676 2198 783 2262 videas
806 2197 903 2262 etiam
926 2197 990 2262 sol.
1015 2197 1053 2262 fr.
1080 2201 1170 2272 θίσρ
1200 2197 1266 2278 (Η).

391 2363 441 2426 47.
464 2359 614 2426 Solonem
638 2381 710 2423 cum
732 2363 890 2443 pangeret
911 2358 950 2424 fr.
974 2355 1014 2421 27
1027 2377 1047 2421 a
1071 2381 1098 2422 v.
1123 2356 1143 2420 2
1167 2357 1224 2439 (H)

603 2467 799 2550 πρεσβυτάτην
821 2462 1038 2548 ὲσορώνχαῑαν
1060 2460 1185 2536 Ἰαονίας

287 2577 408 2660 epicam
433 2574 556 2640 dicendi
580 2574 737 2643 rationem
767 2581 842 2636 ante
871 2573 981 2638 oculos
1009 2573 1160 2638 habuisse
1188 2593 1281 2636 nemo
1308 2573 1510 2649 intimabitur,
1541 2573 1567 2636 si

287 2682 461 2756 contulerit

348 2787 372 2852 Θ
398 2793 438 2856 52
462 2785 493 2850 Λ
518 2785 579 2873 [82]
605 2783 742 2869 εἰσορόων
765 2783 874 2870 Τρώων
896 2807 927 2848 τε
949 2788 1105 2850 πόλινκαὶ
1127 2797 1201 2872 νῆας
1222 2783 1355 2872 Ἀχαιῶν

289 2900 370 2980 (sim.
396 2893 420 2958 Δ
443 2900 463 2960 4
488 2892 521 2957 Ψ
545 2896 631 2971 464).

94 3087 130 3140 fr.
151 3085 208 3133 κιο
228 3077 290 3144 (H).
398 3060 451 3123 48.
474 3057 623 3121 Clausula
646 3055 684 3122 fr.
709 3053 779 3120 270
805 3053 863 3137 (H)
888 3079 916 3122 v.
942 3053 960 3118 1

611 3157 694 3245 ὑμεῖς
717 3157 748 3248 δ’Ι
764 3158 969 3247 ἡσσχάσαντες
991 3158 1031 3224 ἐνί
1054 3165 1140 3249 φρεσί
1161 3165 1303 3245 καρτερὸν
1326 3159 1408 3246 ἦτορ·

291 3276 371 3338 bene
396 3276 552 3357 consonat
576 3293 646 3350 curn
671 3294 719 3338 vv.

471 3375 495 3440 Θ
520 3382 584 3443 413
607 3387 649 3461 τῇ
673 3381 816 3463 μὲμοιτον;
840 3373 866 3440 τί
888 3387 979 3464 σρώιν
1002 3374 1043 3440 ἐνί
1066 3379 1149 3460 φρεσὶ
1172 3380 1301 3461 μαίνεται
1324 3373 1394 3460 ἦτορ

473 3483 498 3548 Ρ
525 3489 582 3550 111
609 3483 709 3570 ἔγχεσι
723 3479 776 3546 καί
791 3494 893 3578 paup·
912 3493 961 3546 roo
977 3479 1002 3544 δ’
1019 3481 1048 3545 ἐν
1064 3478 1162 3568 ρρεσίν
1178 3481 1301 3566 ἄλκιμον
1317 3479 1389 3564 ἦτορ
1408 3536 1414 3548 ,
1435 3538 1440 3549 ,
1461 3538 1465 3548 ,
1486 3537 1490 3550 ,

292 3596 373 3682 (sim.
396 3592 421 3658 Υ
448 3592 530 3679 169).

148 3767 227 3822 nnn.
877 3729 1014 3798 ann..

63 3869 65 3872 ¹
136 3915 174 3980 fr,
195 3915 237 3964 31.
370 3837 373 3843 Ι
402 3885 454 3950 49.
477 3879 663 3964 Fragmenti
691 3875 741 3956 31,
778 3877 863 3961 quod
897 3877 1025 3941 initium
1059 3876 1197 3940 habetur
1226 3875 1374 3940 carminis
1408 3877 1571 3940 cuiusdam

296 3990 378 4074 epici
399 3994 482 4055 teste
505 3985 680 4052 Plutarcho
705 3985 772 4062 (vit.
791 3985 854 4052 Sol.
874 4007 898 4050 o.
918 3987 949 4062 3)
974 4008 992 4048 a
1016 3983 1180 4048 nonnullis
1196 3983 1307 4048 Soloni
1323 3983 1486 4064 adscripti,
1508 3980 1572 4049 ul

296 4091 299 4096 ’
614 4089 723 4174 Πρώτα
747 4094 798 4175 μὲν
823 4086 1005 4176 εὐχώμεσθα
1027 4088 1072 4152 Διὶ
1094 4086 1226 4174 Κρονίδῃ
1250 4089 1365 4175 βασιλῆι
1469 4167 1472 4176 1

296 4228 428 4289 prorsus
450 4203 568 4286 pendet
591 4224 610 4264 a
633 4221 726 4264 versu

363 4309 392 4374 H
418 4315 480 4376 194
503 4305 591 4395 (200)
614 4302 697 4392 τόφρ’
719 4301 800 4391 ὑμεῖς
824 4300 952 4390 εᾶχεσθε
1032 4302 1077 4366 Διί
1101 4301 1245 4387 Κρονίωνι
1268 4291 1380 4366 ἄνακτι.

297 4419 348 4485 Ne
382 4419 484 4482 multa
509 4416 681 4480 --Iovem
717 4415 756 4479 ab
793 4413 933 4477 Homero
967 4413 1150 4495 saepissime
1182 4407 1328 4496 Κρονίδην
1361 4407 1437 4494 (non
1470 4410 1572 4473 solum

298 4522 464 4612 Κρονίωνα)
488 4561 530 4570 —-
554 4523 713 4587 interdum
745 4521 779 4586 in
811 4519 921 4585 eadem
953 4543 1062 4607 versus
1094 4519 1176 4597 sede,
1213 4541 1276 4605 qua
1308 4518 1393 4602 apud
1425 4517 1573 4582 Solonem

300 4633 398 4718 (velut
421 4629 446 4694 E
471 4628 546 4717 419)
572 4621 613 4675 -ss
638 4633 856 4711 nuncupatum
894 4651 962 4692 esse
998 4620 1139 4703 constat,
1175 4619 1219 4690 v.'
1240 4619 1314 4710 pag'.
1343 4628 1390 4689 12.
1437 4621 1573 4687 Heokeri

299 4746 406 4805 autem
431 4739 614 4803 coniectura
636 4745 726 4818 κῦρος
749 4732 831 4821 (ie.
857 4730 1091 4817 auctoritatem)
1114 4733 1186 4798 loco
1213 4731 1304 4826 κίδος
1331 4727 1458 4792 ὀπάσσαι
1485 4729 1573 4814 inge-
