3412 5250
666 361 706 378 -
753 329 890 432 cea

120 518 314 584 cautissime
338 522 443 585 totum
459 518 629 586 metiamur
643 540 772 586 necesse
789 519 869 584 erit?
906 516 994 594 Quae
1010 539 1080 584 cum
1097 517 1143 582 ita
1159 517 1233 591 sint,
1256 515 1410 602 quodam-

18 634 19 654 *
121 625 226 690 modo
245 621 300 688 ‘ex
316 647 424 708 ungue
440 621 575 692 leonem'
599 630 635 690 ut
650 626 751 705 aiunt,
776 647 969 710 cognoscere
985 623 1193 690 studebimus.
1228 621 1410 686 Posteriore

18 771 20 816 τ
122 731 232 814 igitur
269 730 381 794 tabula
420 731 658 796 demonstratur
696 737 824 796 certas
860 730 1111 796 imitationes
1148 730 1286 793 inesse
1320 728 1410 792 libris

125 835 240 900 iliadis
257 831 355 898 Α-Σ
378 837 532 927 (exceptis
548 835 569 898 Z
585 845 618 902 et
634 834 686 916 K),
712 835 745 899 Ψ
761 843 793 902 et
809 835 848 914 §a
873 838 1003 901 deesse
1027 840 1133 900 autem
1157 834 1249 898 libris
1264 829 1409 908 ΤΥΦΧ;

18 989 19 1024 y
124 943 209 1006 item
237 964 291 1006 eas
320 943 511 1008 contineri
542 944 633 1009 libris
657 944 817 1028 Odysseae
840 965 869 1020 α,
894 943 919 1021 δ,
944 966 968 1019 ε,
993 945 1016 1022 ζ,
1041 943 1134 1016 θ-ν,
1159 962 1185 1016 ο,
1210 961 1299 1022 ρ-σ,
1330 961 1410 1003 non

127 1049 290 1113 contineri
313 1049 403 1114 libris
419 1049 476 1130 β,γ
493 1051 727 1133 (Telemachiae
743 1049 873 1134 partes).
898 1071 917 1134 η
934 1047 1071 1132 (carmen
1090 1048 1260 1112 admodum
1276 1042 1409 1130 recens),

18 1151 19 1154 Ἴ
127 1154 156 1234 ἒ,
180 1175 212 1234 π,
248 1155 383 1240 denique
407 1177 507 1242 φ-ω,
554 1158 604 1222 Ex
638 1158 700 1222 hoc
733 1157 951 1242 intellegimus
985 1156 1025 1218 in
1061 1155 1119 1220 eis
1154 1152 1408 1230 carminibus,

129 1284 236 1345 quae
270 1263 377 1326 serie
410 1263 554 1343 priora
588 1271 705 1340 sunt,
741 1265 807 1328 sive
842 1265 875 1327 in
911 1261 1134 1328 vetustissimis
1166 1261 1239 1342 (vel.
1270 1255 1410 1341 ΑΔΕΠ)

129 1369 200 1432 sive
237 1369 468 1434 recentioribus
502 1374 551 1450 (nt
581 1367 737 1451 eluet),
773 1373 839 1436 sive
873 1369 1100 1436 recentissimis
1135 1371 1192 1446 (sic
1224 1363 1410 1440 Basaro)

18 1557 19 1560 Ἴ
132 1479 261 1538 certas
295 1475 539 1542 imitationes
577 1479 782 1542 admodum
824 1500 911 1542 esse
947 1477 1104 1554 archae,
1143 1477 1177 1539 in
1216 1474 1411 1538 carminibus

131 1585 239 1644 autem
271 1582 503 1662 posterioribus
527 1579 649 1664 (T-X‚
674 1585 778 1668 φ-ω)
801 1589 857 1648 aut
887 1584 993 1648 nullas
1021 1586 1077 1646 aut
1103 1582 1242 1646 incertas
1264 1579 1410 1643 inveniri.

133 1685 205 1761 Qua
236 1687 269 1750 in
297 1710 331 1750 re
364 1693 519 1772 quantum
554 1690 641 1754 casui
669 1691 877 1756 tribuendum
901 1690 952 1768 sit,
984 1689 1142 1753 nescimus
1165 1723 1208 1731 —
1232 1687 1303 1770 quis
1327 1685 1410 1749 enim

132 1793 273 1874 dubitet,
309 1795 386 1877 quin
421 1796 490 1871 fieri
524 1797 683 1877 potuerit,
721 1802 756 1862 ut
795 1820 866 1862 eum
900 1796 1071 1878 deperditis
1106 1793 1234 1860 Solonis
1267 1792 1412 1857 versibus

132 1901 280 1982 exempla
303 1901 398 1966 etiam
423 1903 548 1967 exiliis
571 1905 688 1968 hausta
712 1903 914 1985 deperirent?
947 1902 1076 1984 Optimo
1092 1901 1192 1986 igitur
1207 1900 1275 1964 iure
1291 1903 1412 1964 statue·

131 2030 205 2072 mus
239 2011 368 2073 aetate
403 2011 492 2074 eius
528 2033 668 2092 corpus
707 2011 926 2076 carminum
961 2009 1287 2086 Homericorum,
1326 2005 1412 2088 quod

131 2113 261 2197 quidem
296 2115 389 2178 nobis
422 2117 575 2181 traditum
610 2123 669 2194 est,
702 2119 778 2182 iam
814 2123 942 2182 totum
978 2117 1108 2181 fuisse
1142 2113 1411 2196 compositum

131 2221 255 2306 idque
279 2223 416 2288 eodem
442 2225 597 2288 ambitu
621 2247 736 2308 quem
762 2229 917 2290 nosmet
945 2225 1141 2290 novimus.
1190 2221 1297 2297 Quid?
1326 2220 1411 2303 quod

132 2328 202 2408 ipse
233 2328 266 2392 in
299 2351 395 2394 causa
418 2330 600 2415 Megarensi
632 2332 729 2394 etiam
761 2353 854 2395 versu
887 2330 973 2394 haud
1007 2331 1100 2394 dubie
1131 2329 1240 2411 spurio
1271 2327 1412 2412 catalogi

133 2434 263 2498 navium
287 2433 325 2513 (B
350 2438 428 2516 558)
451 2461 528 2502 usus
552 2460 620 2502 esse
644 2438 847 2520 perhibetur:

367 2553 454 2628 στῆσε
478 2541 503 2604 δ’
526 2543 613 2624 ἄγων,
635 2541 671 2606 ἵν’
692 2541 864 2629 Ἀθηναίων
884 2540 999 2622 ἵσταντο
1023 2543 1183 2628 φάλαγγες,

133 2648 200 2710 sive
232 2670 304 2712 vere
337 2651 423 2714 hunc
455 2651 673 2733 interpolavit,
707 2653 792 2735 quod
825 2658 934 2716 censet
966 2650 1158 2714 Plutarchus
1191 2648 1267 2729 (Sol.
1294 2671 1320 2716 c„
1349 2650 1411 2727 10),

133 2775 199 2830 seu,
225 2756 310 2838 quod
332 2758 532 2838 probabilius
555 2764 613 2836 est,
638 2759 818 2841 rhapsodus
834 2759 968 2842 quidam·
980 2755 1186 2840 Atheniensis
1203 2779 1275 2821 eum
1292 2755 1410 2819 dudum

133 2859 358 2931 inculcaverat.
407 2863 498 2939 Quod
533 2872 639 2930 autem
676 2867 837 2931 Homeri
876 2870 1055 2947 poemata
1094 2863 1231 2928 ordine
1269 2863 1410 2945 priora

134 2968 261 3032 multo
285 2971 404 3050 plura
428 2975 615 3054 exempla
643 2997 738 3057 quam
767 2974 946 3055 posteriora
975 2971 1086 3036 Scloni
1114 2971 1409 3048 exhibuerunt,

134 3073 195 3137 hoc
218 3074 290 3138 inde
313 3077 434 3142 factum
459 3101 527 3144 esse
552 3080 643 3158 duco,
669 3081 753 3164 quod
776 3081 850 3144 illae
875 3079 1050 3142 carminum
1074 3082 1183 3160 partes
1205 3078 1307 3142 multo
1324 3083 1411 3142 tena-

134 3179 201 3244 cius
223 3181 256 3245 in
280 3188 387 3248 mente
412 3192 443 3250 et
468 3188 620 3250 memoria
638 3187 804 3250 hominum
819 3186 1039 3250 inhaerescere
1056 3185 1203 3250 solebant
1219 3207 1315 3268 quam
1332 3185 1409 3248 hae:

133 3286 178 3350 sic
202 3288 296 3353 etiam
321 3297 502 3358 nostratum
525 3298 693 3376 poetarum
717 3293 865 3359 Schilleri
888 3294 939 3358 vel
959 3291 1096 3358 Goethei
1118 3293 1210 3356 initia
1234 3291 1410 3356 carminum

134 3394 385 3480 multosaepius
408 3401 440 3463 in
464 3402 634 3482 proverbia
657 3405 713 3464 aut
735 3399 808 3462 ἔπεσι
831 3403 985 3481 πτερόεντα
1008 3400 1139 3464 cessisse
1164 3404 1290 3462 constat
1314 3421 1409 3482 quam

133 3505 241 3581 partes
264 3509 431 3572 extremae.
479 3507 528 3572 Ne
552 3508 631 3572 illud
655 3508 782 3592 quidem
808 3507 984 3570 mirandum
1015 3511 1073 3584 est,
1105 3506 1190 3590 quod
1213 3507 1308 3570 ilias
1335 3505 1409 3568 ali·
1494 3589 1496 3593 Ι

134 3613 288 3690 quanto
328 3614 508 3678 crebrius
551 3616 639 3679 huic
684 3621 829 3697 poetae
875 3613 1143 3680 aemulationi
1187 3614 1268 3677 fuit
1313 3635 1409 3696 quam

135 3715 292 3798 Odyssea:
316 3717 349 3780 in
372 3721 427 3784 illa
451 3719 557 3807 (liceat
581 3746 731 3787 numeros
754 3719 879 3807 afferre)
903 3722 1028 3787 circiter
1052 3725 1179 3786 centum
1203 3719 1410 3812 septuaginta

134 3859 175 3866 -
198 3823 350 3888 adhibitis
373 3829 521 3894 omnibus
544 3830 623 3894 locis
646 3819 809 3911 parallelis
832 3865 875 3874 -
900 3852 991 3894 casus
1019 3828 1267 3906 diiudicavimus
1291 3827 1325 3890 in
1349 3827 1410 3890 hac

134 3931 171 3992 ad
207 3937 333 3996 centum
370 3932 614 4020 quinquaginta.
663 3935 787 4017 Nempe
820 3935 900 3999 illud
936 3957 1063 4000 carmen
1097 3939 1189 3998 tanto
1224 3932 1326 3997 maius
1361 3938 1410 3996 est

16 4087 19 4116 ‚
90 4095 94 4104 .
135 4061 228 4121 quam
260 4039 332 4118 hoc,
367 4045 404 4102 ut
436 4041 515 4106 haec
547 4045 714 4126 proportio
749 4043 845 4125 plane
879 4066 950 4108 cum
981 4043 1103 4108 ambitu
1133 4043 1299 4126 utriusque
1333 4063 1409 4106 con-

134 4150 236 4228 gruat.
277 4145 423 4230 Denique
446 4170 511 4212 non
535 4174 689 4229 veremur,
714 4175 753 4216 ne
777 4151 869 4216 abusi
892 4151 991 4216 simus
1015 4150 1047 4212 in
1071 4150 1119 4228 iis,
1150 4171 1231 4232 quae
1266 4149 1409 4229 disputa·

134 4254 244 4332 vimus,
267 4276 304 4316 ea
328 4258 407 4332 arte,
431 4275 512 4336 quae
536 4258 733 4321 numerando
757 4263 789 4320 et
805 4256 1027 4320 ratiocinando
1051 4255 1176 4338 quidvis
1199 4255 1259 4318 sibi
1284 4255 1408 4318 efficere

135 4383 225 4442 posse
249 4361 384 4428 videtur.

238 4468 300 4533 Sed
323 4469 420 4550 paulo
444 4469 537 4533 aliter
560 4493 610 4534 res
633 4495 667 4536 se
691 4472 789 4536 habet
811 4472 845 4535 in
869 4471 1029 4555 hymnis
1053 4493 1134 4554 quos
1158 4470 1267 4534 dicunt
1289 4469 1408 4533 Home-

18 4639 19 4645 ,
136 4576 223 4652 riuos,
249 4599 385 4658 quorum
409 4599 512 4640 annos
537 4578 660 4642 natales
684 4584 868 4660 computare
892 4579 977 4642 inter
1001 4579 1128 4642 criticos
1151 4599 1201 4640 res
1221 4578 1409 4642 aestimatur

17 4691 24 4713 *
137 4683 327 4748 difficillima.
376 4683 418 4748 Et
441 4686 632 4768 hymnorum
661 4685 789 4768 quidem
815 4687 848 4750 in
874 4687 1056 4768 Apollinem
1087 4708 1158 4749 oum
1182 4684 1309 4748 Delium
1339 4690 1408 4749 tum

136 4789 295 4874 Pythium,
319 4793 352 4854 in
370 4791 524 4856 Venerem
540 4791 795 4874 Mercuriumque
819 4793 955 4877 vestigia
979 4793 1064 4874 apud
1080 4792 1231 4858 Solonem
1247 4791 1408 4862 rarissima
