3412 5250
684 400 904 464 ..19-

200 596 240 660 fr.
265 593 286 660 5
309 619 337 662 v.
363 592 381 660 l
405 593 491 679 δι’γμῳ
515 595 646 678 μὲνγὰρ
670 592 771 655 ἔδωκα
794 597 879 656 τόσον
917 597 1039 677 κράτος,
1063 590 1149 655 ὅσσον
1174 589 1296 674 ἐπαρκεῖ

215 707 248 768 et
271 699 295 764 Ω
319 705 383 768 670
406 705 514 786 σχήσω
536 703 594 783 γὰρ
617 698 745 786 πόλεμον
795 696 899 764 τόσσον
919 704 1036 784 χρόνον,
1061 696 1148 763 ὅσσον
1173 698 1291 779 ἄνωγας

151 810 235 890 (sim.
261 805 285 869 P
309 809 397 888 410).

262 917 291 979 6.
314 915 348 980 si
370 914 507 1000 legimus
531 914 707 979 clausulam
731 914 770 978 fr.
795 914 817 978 6
840 939 869 980 ν.
895 912 908 978 l

421 1017 524 1106 Δῆμος
537 1017 562 1081 δ’
574 1017 624 1082 ὧδ’
636 1017 671 1082 ἂν
681 1019 787 1104 ἄριστα
809 1022 861 1084 σύν
884 1017 1069 1106 ἡγεμόνεσσιν
1092 1017 1197 1090 ἕποιτο,

152 1131 216 1194 hoc
240 1151 299 1193 nos
323 1128 474 1193 admonet
497 1151 644 1194 versuum

303 1229 335 1296 M
361 1239 401 1301 87
428 1239 559 1319 πένταχα
586 1236 789 1320 κοσμηθέντες
812 1232 863 1320 ἅμ’
883 1232 1072 1321 ἡγεμόνεσσιν
1095 1231 1195 1298 ἕποντο

286 1338 316 1404 Ν
341 1345 401 1408 801
427 1342 537 1426 χαλκῷ
572 1344 787 1426 μαρμαίροντες
811 1338 862 1424 ἅμ’
881 1338 1069 1427 ἡγεμόνεσσιν
1091 1338 1203 1408 ἕποντο.

155 1449 310 1517 Similiter
338 1448 497 1513 finiuntur
525 1445 552 1510 B
577 1453 640 1516 ‘162
670 1453 702 1514 et
729 1446 755 1510 Ε
778 1453 854 1514 551.
902 1449 1177 1532 praepositionem
1207 1451 1257 1511 σόν
1285 1470 1344 1530 pro
1375 1443 1439 1531 ἅμα

155 1556 257 1624 Solon
284 1556 355 1620 ideo
386 1556 532 1638 posuisse
563 1556 698 1635 videtur,
732 1556 818 1640 quod
848 1552 883 1618 ἂν
907 1553 1012 1639 ἄριστα
1035 1560 1067 1620 et
1091 1553 1155 1640 ἅμα
1185 1556 1324 1639 pessimo
1347 1555 1438 1621 hiatu

156 1663 405 1730 concurrissent.

263 1771 292 1835 7.
316 1769 592 1835 Perlustrantibus
615 1770 790 1855 fragmenti
813 1767 853 1832 13
877 1794 926 1834 νν.
951 1768 970 1833 2
994 1793 1064 1856 sqq.
1180 1776 1183 1783 '

424 1873 544 1939 Μοῦσαι
568 1873 713 1960 Πιερίδες,
736 1877 826 1940 κλῦτέ
849 1898 899 1960 μοι
922 1871 1071 1961 εὐχομένω

373 1981 460 2065 ὄλβον
483 2005 532 2068 μοι
554 1985 630 2066 πρὸς
653 1984 733 2045 θεῶν
756 1987 900 2068 μακάρων
923 1983 989 2046 δότε
1011 1985 1062 2046 καὶ
1085 1987 1160 2068 πρὸς
1182 1980 1316 2046 ἁπάντων

426 2089 589 2174 ἀνθρώπων
613 2086 670 2152 αἰεὶ
686 2069 779 2162 δόξαν
794 2088 881 2175 Ιἔχειν
905 2086 1025 2176 ἀγαθήν

374 2194 446 2260 εἶναι
469 2198 501 2260 δὲ
524 2199 633 2277 γλυκύν
659 2247 898 2265 ........

1498 1756 1537 1822 [r.
1557 1757 1591 1806 13

158 2307 299 2388 primum
323 2305 451 2390 quidem
474 2305 508 2368 in
531 2309 673 2369 mentem
697 2305 785 2369 venit
801 2305 969 2369 iuncturae
986 2305 1156 2370 verborum
1172 2301 1270 2366 κλόειν
1286 2309 1319 2370 et
1334 2301 1444 2366 διδόναι
1533 2367 1535 2372 ,

161 2437 231 2478 cum
257 2417 412 2498 sequente
437 2409 631 2494 (accusativo
656 2407 698 2496 et)
722 2411 881 2476 infinitivo
905 2411 938 2474 in

229 2544 278 2602 ep.
306 2524 369 2598 12‚1
398 2541 445 2602 sq.
493 2514 600 2580 Kaous
619 2539 673 2602 μευ
697 2513 869 2602 εὐχομένου,
893 2513 1095 2603 Κουρότρορε,
1119 2517 1170 2590 δὸς
1193 2517 1225 2579 δέ
1248 2527 1372 2598 γυναῖκα

541 2624 671 2708 (Athen.
698 2645 752 2708 μευ
776 2619 938 2708 εὐχομένου
962 2646 1020 2707 pro
1045 2645 1094 2708 μοι
1116 2621 1279 2710 εὐχομένω)

494 2731 579 2816 τήνδε
601 2728 672 2794 νέων
695 2733 746 2816 μέν
771 2728 944 2793 ἀναίνεσθαι
967 2727 1107 2817 φιλότητα
1130 2733 1179 2794 καί
1204 2727 1287 2816 εὐνήν

254 2864 304 2923 ep.
330 2845 372 2921 6‚1
402 2861 472 2925 sqq.
497 2835 609 2915 Klots,
636 2834 798 2900 Ποσείδαον
822 2837 1052 2921 μεγαλοσθενὲς,
1077 2836 1232 2918 ἐννοσίγαιε

495 2945 546 3016 δός
570 2944 596 3005 δ’
620 2941 706 3028 οὐρον
730 2946 899 3008 καλόνκαὶ
923 2941 1060 3031 ἀπίγμονα
1083 2943 1182 3008 νόστον
1204 2942 1324 3009 ἰδέσθαι

495 3051 546 3123 δὸς
571 3100 1178 3122 ...................
1202 3063 1340 3140 κυρῆσαι.

164 3161 287 3227 Deinde
317 3161 420 3245 liquet
449 3160 490 3224 ad
517 3159 718 3223 formandam
749 3160 924 3223 clausulam
948 3159 1037 3220 κλυτὲ
1061 3181 1111 3242 μοι
1134 3155 1284 3246 εὐχομένω
1307 3162 1446 3226 valuisse

165 3268 299 3333 Homeri
322 3291 371 3332 vv.

359 3373 388 3438 A
414 3377 476 3438 453
501 3369 574 3458 ἠμὲν
599 3368 635 3458 δή
659 3367 721 3433 ποτ’
744 3369 814 3456 ἐμεῦ
838 3369 932 3453 πόρος
955 3370 1059 3444 ἔκλυες
1082 3369 1248 3458 εὐξαμένοιο

379 3477 391 3540 l
416 3484 478 3545 509
503 3482 550 3540 τὸν
574 3478 606 3540 δὲ
630 3474 695 3563 μέγ’
718 3475 833 3563 ὤνησαν
848 3478 900 3540 καί
916 3475 938 3540 τ’
957 3477 1062 3542 ἔκλυον
1083 3476 1252 3566 εὐχομένοιο

361 3583 389 3647 ll
416 3591 479 3652 23ss
503 3583 576 3671 ἠμέν
603 3582 640 3672 δή
664 3581 726 3647 ποτ’
753 3583 824 3670 ἐμόν
846 3589 937 3658 κόπος
959 3585 1063 3658 ἐ’κλυες
1085 3583 1263 3674 εὐξαμένοιο.

168 3693 321 3757 Conleras
345 3693 437 3758 sodes
461 3696 554 3764 [239
579 3697 675 3759 0172
700 3694 789 3756 κλῦτέ
805 3715 870 3776 μευ,
896 3689 1000 3758 Ε115
1025 3689 1136 3761 Κ278
1159 3697 1251 3760 κλῦθί
1274 3719 1338 3782 μευ.
1374 3700 1447 3764 Iure

168 3800 347 3885 Ebelingus
370 3801 402 3864 in
427 3801 529 3864 lexico
549 3799 719 3864 Homerico
744 3801 819 3879 (vol.
833 3801 856 3866 Ι.
878 3823 907 3882 p.
927 3803 1020 3865 Sara
1043 3824 1068 3865 s.
1086 3825 1114 3866 ν.
1132 3803 1227 3884 κλόω)
1253 3806 1447 3870 mentionem

168 3907 246 3970 facit
269 3907 303 3970 in
319 3907 466 3989 plurimis
482 3906 676 3991 optimisque
693 3906 855 3972 codicibus
872 3906 1051 3972 Homericis
1074 3930 1133 3991 pro
1156 3909 1248 3972 κλῦθί
1271 3933 1325 3996 μευ
1349 3914 1449 3996 scrip-

169 4021 238 4078 tum
262 4037 331 4079 esse
354 4009 445 4077 κλῦθί
468 4035 517 4099 μοι
527 4014 558 4100 ¹).
606 4015 725 4078 Podtae
749 4018 857 4079 autem
881 4014 1023 4080 Homero
1047 4016 1240 4082 recentiores
1269 4019 1375 4084 dativo
1399 4022 1450 4084 usi

170 4142 239 4186 esse
262 4121 310 4184 illi
332 4121 401 4186 viro
425 4121 609 4186 doctissimo
637 4121 795 4186 videntur.
843 4122 1045 4186 Documento
1076 4123 1104 4185 ei
1132 4128 1209 4187 sunt
1239 4129 1271 4188 et
1294 4149 1342 4208 ep.
1371 4130 1449 4206 12,1‚

171 4229 257 4311 quod
280 4251 377 4310 supra
401 4229 547 4302 diximus
573 4233 605 4292 et
629 4227 736 4309 h.Ap.
763 4227 826 4310 (P.)
851 4231 915 4293 334
943 4224 1079 4290 Κέκλυτε
1101 4237 1148 4292 νῦν
1171 4250 1220 4314 μοι
1245 4280 1449 4298 ,,,,,,,

205 4339 236 4398 ct
253 4335 438 4420 Theognd
463 4332 552 4397 ἀείσω
577 4353 584 4368 ·
609 4336 644 4396 σύ
668 4333 701 4396 δέ
724 4355 773 4419 μοι
796 4335 887 4397 κλῦθι
909 4336 961 4396 καί
984 4331 1083 4397 ἐσθλὰ
1106 4334 1186 4397 δίδου

524 4439 585 4523 (μοι
609 4442 699 4506 codd.
723 4436 791 4517 ΑΟ,
816 4463 870 4525 μευ
894 4442 992 4506 ceteri
1015 4441 1100 4530 libri)

206 4554 238 4611 et
333 4549 374 4614 ib.
404 4553 441 4613 13
466 4543 617 4632 εὐχομένω
642 4569 690 4633 μοι
713 4549 813 4626 κλῦθι,
837 4551 939 4619 κακὰς
962 4545 986 4609 δ’
1011 4548 1069 4612 ἀπὸ
1092 4561 1189 4636 κῆρας
1213 4551 1337 4622 ἄλαλκε,

174 4655 387 4664 ——--——.

280 4707 302 4774 ¹)
321 4709 455 4764 Dativum
474 4708 702 4780 postulaverunt,
721 4712 753 4762 ut
770 4709 996 4764 'contractionem
1016 4710 1083 4776 ἐμεῦ,
1103 4719 1149 4778 pru
1169 4714 1333 4784 effugerent,
1354 4715 1453 4770 Nauck

172 4797 214 4862 (in
233 4796 370 4866 editione)
389 4802 419 4854 et
438 4798 556 4854 Manrad
575 4797 619 4862 (de
639 4800 726 4852 contr.
747 4801 776 4851 et
795 4797 882 4866 syniz.
901 4817 953 4853 usu
972 4818 999 4870 p.
1019 4800 1062 4870 92.
1084 4801 1151 4866 lit).

1384 4912 1416 4966 ,ι
