3412 5250
671 336 891 421 ,45-

113 521 300 605 (similiter
333 528 440 604 7495
469 525 501 592 h,
527 525 589 607 Ap.
615 523 795 608 (Ρ.).228),
830 530 901 590 tum
933 525 1100 608 epitheton
1134 529 1215 604 πίων,
1250 528 1347 609 πίειρα
1381 526 1419 590 de

112 631 338 716 agricultura
372 631 488 697 dicitur
522 639 593 712 γαῖα
616 687 750 702 ,,,,,,
776 635 872 715 πίειρα
907 636 1026 713 τ173,
1066 630 1178 716 ἀνδρῶν
1211 628 1297 694 πίονα
1329 635 1421 714 ἀέργα

112 735 292 822 (Hesych,
317 740 353 799 τά
376 738 535 820 γεωργικά)
561 734 595 800 Μ
620 742 694 818 283,
725 739 861 804 similem
891 740 924 804 in
953 741 1082 805 modum
1112 739 1197 822 μάλα
1219 735 1304 802 πίονα
1328 738 1420 824 δῆμον

114 839 145 902 Ε
179 848 252 910 710
278 847 349 922 etc,
381 846 479 915 πίονες
508 841 596 928 ἀγροί
622 841 655 906 Ψ
679 849 753 925 832,
782 847 879 928 πίειρα
909 844 1024 929 ἄρουρα
1051 843 1073 907 Σ
1099 850 1160 912 541
1186 849 1257 926 etc,
1288 849 1421 908 πιότατον

113 946 236 1011 πεδίον
259 946 273 1011 Ι
295 955 334 1018 57
340 956 357 1018 7
362 1007 369 1019 .
415 951 597 1017 Memoratu
620 956 727 1018 autem
751 953 883 1038 dignum
909 953 1033 1018 codices
1055 949 1082 1014 B
1104 976 1146 1022 m.
1171 957 1289 1020 sec-et
1312 953 1332 1016 b
1357 949 1423 1015 κατ’

115 1053 280 1140 ἀπείρονα
311 1058 460 1123 exhibere
490 1059 592 1123 instar
626 1059 713 1123 illius
743 1059 905 1124 clausulae
937 1054 1003 1121 κατ’
1025 1057 1164 1142 ἀπείρονα
1186 1067 1272 1139 γαῖαν
1296 1057 1323 1146 (ρ
1347 1055 1422 1146 418)

116 1168 157 1226 et
190 1159 241 1226 ἐπ’
266 1161 412 1247 ἀπείρονα
427 1173 512 1244 γαῖαν
535 1162 576 1247 (Η
593 1169 657 1232 446
680 1165 790 1251 ο[79]
815 1169 913 1250 ρ386
937 1169 1050 1245 τ107).
1097 1166 1132 1233 Si
1154 1167 1274 1249 scripta
1297 1171 1422 1249 specta-

6 1317 7 1334 ,
118 1291 211 1334 mus
234 1267 461 1336 KATAlllON
464 1274 493 1338 A
509 1278 541 1338 et
557 1269 840 1339 KATAlllPONA
864 1279 886 1353 (ι
909 1275 993 1338 enim
1013 1295 1108 1357 saepe
1123 1296 1182 1357 pro
1198 1296 1222 1336 ει
1237 1273 1424 1366 invenitur),

118 1399 167 1440 ea
199 1378 252 1442 sui
275 1379 437 1445 simillima
460 1403 529 1446 esse
551 1381 662 1466 liquet.
710 1381 832 1446 Tamen
859 1385 943 1444 πίονα
973 1383 1070 1466 longe
1102 1381 1319 1463 praetulerim,
1351 1405 1423 1446 cum

119 1485 345 1566 praecedant,
371 1511 453 1572 quae
476 1487 675 1553 fertilitatem
699 1489 886 1571 respiciunt,
909 1499 963 1574 γῆν
986 1485 1153 1575 πυροφόρον
1183 1495 1216 1555 et
1238 1491 1321 1552 καλά
1343 1488 1425 1574 ἔργα.

117 1586 199 1656 ‘At
221 1593 302 1658 haec
324 1595 395 1678 ipsa
418 1618 570 1681 agrorum
599 1595 759 1662 fertilitas'
789 1597 915 1683 inquies
941 1593 1146 1680 ‘tempestate
1174 1597 1281 1662 subito
1314 1604 1425 1662 coorta

123 1699 262 1779 perisse
286 1706 382 1766 antea
406 1703 540 1781 dicitur;
564 1703 673 1788 itaque
696 1701 781 1766 πίονα
804 1727 870 1770 non
893 1705 957 1770 iam
973 1709 1048 1787 apte
1063 1700 1223 1786 positum'.
1263 1704 1437 1792 Nimirum¹

122 1805 253 1892 fruges
285 1831 439 1894 agrorum
469 1813 651 1894 perierunt,
683 1813 802 1878 mansit
833 1812 904 1895 ipsa
935 1812 1095 1880 fertilitas.
1142 1813 1252 1878 Lectio
1285 1811 1424 1897 ἀπείρονα
1521 1851 1522 1854 =
1625 1851 1626 1854 =

126 1916 250 1978 autem
275 1937 313 1980 ex
336 1919 558 1984 recordatione
576 1919 748 1985 Homerica
771 1943 790 1984 a
805 1919 936 1984 librario
953 1919 1092 2004 quodam
1107 1919 1210 1984 textui
1225 1919 1317 1984 illata
1334 1921 1424 2000 est¹).

250 2042 278 2105 ό.
301 2040 505 2110 Adiectivum
530 2041 674 2130 ἀσκηθής
696 2049 794 2128 caput
817 2049 865 2109 est
888 2066 998 2110 versus

377 2151 415 2218 fr.
441 2149 483 2216 19
506 2176 536 2218 ν.
560 2150 582 2216 4
605 2150 731 2237 ἀσκηθῆ
753 2155 862 2236 πέμποι
883 2145 1008 2234 Κόπρις
1021 2147 1201 2237 ἰοστέφανος,

130 2249 230 2316 Num
255 2256 342 2320 casui
365 2258 582 2337 tribuendum,
606 2259 693 2342 quod
716 2259 757 2322 ab
782 2258 892 2322 eodem
917 2258 1060 2341 epitheto
1083 2262 1149 2322 tres
1168 2256 1327 2340 incipiunt
1343 2257 1426 2340 epici

130 2381 254 2424 versus
278 2359 319 2448 (K
336 2367 399 2428 212
424 2361 453 2426 Π
470 2368 533 2432 247
558 2363 577 2425 λ
595 2363 697 2450 535)?
743 2363 797 2428 An
820 2365 930 2446 potius
946 2341 1055 2430 uticem
1071 2368 1136 2428 tam
1154 2385 1286 2449 gravem
1310 2366 1427 2430 ceteris

133 2489 341 2550 praeponere
364 2471 479 2536 maluit
502 2477 637 2554 uterque
660 2475 777 2554 potita?
816 2470 964 2536 Ceterum
987 2472 1068 2536 illud
1077 2467 1262 2556 ἰοστέφανος,
1286 2493 1350 2555 quo
1374 2471 1427 2537 hic
1463 2464 1604 2536 toetloavog

135 2578 346 2653 pentameter
369 2578 538 2657 clauditur,
567 2577 736 2663 Cypridem
768 2599 882 2642 ornare
914 2599 1074 2662 cognosco
1103 2577 1199 2643 etiam
1229 2577 1264 2641 in
1292 2578 1323 2646 h.
1350 2583 1425 2660 5‚1e‚

139 2681 229 2746 unde
263 2684 416 2751 facillime
447 2688 507 2752 tibi
541 2688 734 2770 persuadeas
768 2687 904 2752 variam.
925 2687 1096 2752 lectionem
1129 2681 1306 2772 ἐυστεφάνου
1335 2687 1427 2752 libris

138 2786 299 2854 Parisinis
322 2798 480 2858 servatam
505 2817 570 2859 non
594 2793 687 2858 flocci
711 2816 779 2859 esse
802 2793 991 2876 putandum.

253 2917 282 2980 6.
306 2917 464 2982 Venerem
487 2919 521 2983 in
544 2919 651 2984 insula
675 2919 779 3004 Cypro
804 2923 912 2983 natam
937 2918 971 2981 in
1488 2916 1527 2981 fr.
1546 2917 1583 2966 26

243 3029 281 3091 fr.
305 3025 347 3090 26
370 3049 399 3090 ν.
424 3023 442 3089 1
462 3021 560 3108 Ἔργα
584 3025 617 3087 δὲ
640 3022 848 3108 Κυπρογενοῦς
870 3033 917 3088 νυν
941 3045 989 3108 μοι
1012 3021 1085 3108 φίλα
1108 3024 1160 3094 καὶ
1182 3018 1322 3086 Διονόοου
1452 3017 1617 3090 Kerameis

7 3199 10 3242 φ
142 3133 289 3216 appellat
312 3132 411 3198 Solon
433 3133 571 3198 fortasse
594 3132 768 3215 respiciens

228 3241 259 3308 h.
285 3239 367 3306 Ven.
393 3246 435 3319 9,1
465 3237 640 3325 Κυπρογενῆ
664 3235 834 3320 Κυθέρειαν
858 3231 1001 3314 ἀείσομαι,
1025 3233 1045 3321 ἥ
1069 3257 1098 3297 τε
1122 3237 1273 3320 βροτοῖσιν,

145 3347 201 3413 sed
224 3348 327 3413 multo
351 3348 455 3432 magis
478 3347 570 3424 ideo,
584 3347 670 3431 quod
694 3345 831 3430 Cyprum
856 3343 935 3407 adiit
958 3347 1041 3407 teste
1064 3343 1240 3408 Plutarcho
1265 3344 1342 3426 (Sol.
1364 3347 1428 3424 26).

252 3475 281 3539 7.
303 3473 343 3536 Ιυ
367 3472 506 3537 carmine
531 3471 695 3554 deperdito
718 3478 756 3554 γῆ
780 3491 799 3532 a
823 3467 940 3533 Solone
965 3467 1053 3530 audit
1075 3464 1196 3554 λιπαρή,
1226 3465 1428 3555 κουροτρόφος
1491 3468 1529 3533 fr.
1550 3468 1584 3518 43

147 3580 198 3656 (fr.
224 3577 267 3644 43
291 3579 387 3664 Egi),
419 3602 501 3664 quae
533 3579 676 3661 epitheta
707 3561 886 3640 seiuncta
918 3574 1004 3655 apud
1033 3565 1225 3638 Homerum
1244 3561 1293 3640 de
1316 3576 1430 3641 insulis
1483 3552 1589 3624 λιπαρός

1454 3642 1622 3714 κουροτρόφος

147 3687 303 3771 leguntur
314 3722 358 3732 —
369 3687 477 3772 λιπαρή
494 3686 531 3750 de
548 3685 626 3750 Chio
644 3682 687 3766 (h.
706 3682 768 3765 Ap.
784 3682 849 3766 38),
875 3680 912 3746 de
928 3681 1042 3746 Ithaca
1056 3677 1257 3768 κουροτρόφος
1273 3680 1292 3767 (ι
1308 3684 1362 3769 27)
1375 3719 1428 3762 —,

148 3815 292 3859 conexa
316 3793 400 3875 apud
416 3793 577 3860 Solonem.
623 3793 738 3874 Itaque
761 3789 823 3853 hoc
847 3810 974 3872 quoque
997 3787 1069 3852 loco
1092 3809 1240 3852 moneam
1260 3789 1430 3854 imitatoris

149 3900 304 3984 sapientis
335 3904 483 3966 naturam
514 3899 547 3963 in
581 3920 618 3962 eo
652 3918 721 3961 esse
753 3894 899 3976 inprimis
934 3895 1147 3977 perspicuam,
1181 3895 1267 3978 quod
1300 3895 1432 3959 disiecta

149 4007 293 4072 membra
320 4010 435 4088 potitae
464 4028 523 4072 suo
551 4027 639 4070 more
668 4008 764 4090 atque
792 4024 851 4067 usu
877 4003 1096 4066 contaminare
1120 4002 1213 4066 solet.
1259 4000 1312 4066 Sic
1335 4024 1432 4084 supra

149 4114 286 4179 vidimus
310 4110 382 4184 ἄναξ
406 4109 551 4196 ἑκάεργος
572 4108 730 4177 Ἀπόλλων
762 4113 794 4174 et
817 4110 915 4194 μάντιν
938 4108 1033 4193 θῆκεν
1057 4104 1213 4172 Ἀπόλλων
1240 4108 1280 4171 ab
1309 4107 1372 4173 hoc
1398 4109 1433 4172 in

149 4243 251 4284 unum
274 4241 343 4284 esse
368 4223 514 4284 coactum
538 4218 589 4300 (fr.
618 4218 737 4299 13,so);
765 4215 859 4279 modo
888 4213 1061 4292 memoravi
1092 4212 1269 4296 μεγάθυμος
1299 4219 1331 4278 et
1354 4209 1433 4296 ὀβρι-

150 4323 288 4410 μοπάτρη
312 4325 483 4408 separatim
507 4325 606 4389 tribui
621 4325 784 4388 Minervae
800 4321 840 4386 ab
858 4320 1010 4400 Homem,
1034 4342 1053 4383 a
1070 4317 1188 4384 Solone
1210 4311 1431 4390 communiter.

259 4467 279 4532 ¹>
296 4469 376 4524 Idem
395 4484 508 4523 carmen
529 4466 610 4521 13111
628 4484 653 4520 ν.
673 4465 707 4518 47

478 4553 558 4618 ἄλλος
575 4563 624 4626 γῆν
640 4555 732 4623 τάμνων
750 4549 922 4620 πολυθίνθρεον
940 4547 976 4612 είς
995 4550 1103 4602 ἐνιαυτόν
1450 4553 1625 4627 πολυδίρδρεος

153 4647 301 4717 epitheton
320 4665 422 4703 ornans
441 4646 563 4714 exhibet,
582 4644 659 4714 quod
677 4643 706 4698 in
724 4643 822 4698 eadem
839 4641 912 4706 sede,
932 4641 981 4696 sed
994 4641 1080 4696 variis
1091 4641 1254 4697 nominibus
1268 4641 1434 4696 adiunctum

153 4734 294 4805 reperitur
313 4732 325 4786 t
346 4733 397 4789 737
416 4739 495 4806 κῆπον
512 4752 545 4800 π,
564 4733 582 4804 ψ
602 4731 662 4799 139,
682 4732 733 4786 359
751 4728 826 4798 ἀγρὸν
843 4746 876 4794 π,
895 4727 923 4784 h.
943 4730 996 4800 Ap·
1017 4726 1070 4798 (P.)
1090 4729 1143 4783 475
1160 4725 1262 4782 Κνωπὸν
1280 4747 1304 4782 π.
