3412 5250
663 372 881 436 ..13-

122 568 213 654 quod
244 565 340 632 etiam
364 566 524 649 proprius
556 565 596 630 nd
626 525 754 632 Solonis
782 566 957 633 dictionem
988 566 1111 644 accedit
1139 565 1261 631 locutio
1285 563 1409 648 inepi-

123 678 306 760 grammate
328 673 402 751 isto,
426 673 512 758 quod
535 673 618 741 falso
643 673 834 738 attribuitur
856 673 998 738 Homero
1023 676 1095 756 (epi
1114 674 1197 752 4‚a):
1316 671 1323 676 ’

378 777 462 842 ἔνθεν
486 774 679 864 ἀπορνύμεναι
702 787 806 862 κοῦραι
828 775 907 859 Διός,
932 777 1042 858 ἀγλαά
1056 782 1152 844 τέκνα.
1219 830 1222 836 ,

233 917 264 982 8.
286 916 323 980 ln
345 915 384 978 fr.
409 910 450 977 13
474 937 502 979 v.
526 910 548 976 3
571 913 651 974 θεῶν
674 916 819 996 μακάρων
841 913 875 976 in
900 913 996 978 tertia
1019 913 1096 977 sede
1118 913 1219 998 legas,
1247 912 1330 978 idem
1355 914 1410 978 sed

124 1026 196 1090 sine
220 1021 356 1108 synizesi
379 1019 413 1084 in
436 1019 469 1085 h.
493 1019 564 1085 (lor.
589 1023 653 1086 346

354 1183 361 1198 ,
386 1181 394 1196 ,
419 1181 427 1196 ,
451 1123 548 1210 ἐργοις
570 1126 649 1188 θεῶν
673 1129 818 1210 μακάρων
841 1127 976 1211 μητίσετο
1000 1125 1104 1208 βουλῇ,

124 1239 161 1303 in
191 1236 330 1303 secunda
360 1235 395 1299 ιη
417 1257 468 1300 vv.
492 1234 517 1296 υ
540 1212 624 1314 ress
639 1255 648 1294 ι
672 1235 747 1311 ιω,
772 1234 849 1310 521,
878 1231 911 1298 n.
934 1231 1031 1299 Mero.
1058 1235 1110 1312 n,
1138 1235 1208 1312 144,
1234 1235 1309 1315 ιιι,
1335 1237 1410 1311 372,

126 1347 161 1411 b.
176 1345 253 1409 Ven.
268 1346 320 1408 35.
356 1343 403 1407 De
420 1340 557 1426 synizesi
573 1339 659 1422 apud
676 1338 829 1405 Solonem
844 1337 964 1418 videas,
981 1360 1063 1423 quae
1079 1361 1177 1422 supra
1193 1336 1281 1425 (pag.
1298 1343 1337 1406 19
1351 1337 1411 1427 sq.)

127 1449 300 1534 disputavi.

236 1587 266 1652 9.
290 1581 372 1648 Dein
403 1582 430 1647 si
460 1581 579 1646 exitum
604 1580 644 1649 fr.
669 1577 708 1643 13
737 1601 848 1644 versus
872 1575 910 1643 ll
942 1579 1152 1662 contemplati
1183 1580 1311 1661 erimus,
1347 1603 1412 1646 non

129 1692 320 1778 negabimus
344 1690 498 1754 Solonem
521 1692 667 1752 secutum
691 1707 760 1751 esse
784 1685 977 1751 Homerum:

157 1802 197 1868 cf.
222 1799 261 1866 ir.
289 1802 367 1874 13,ιι
399 1795 430 1859 ὃν
454 1791 479 1856 δ”
491 1791 595 1878 ἄνδρες
618 1789 751 1880 μετίωσιν
773 1787 821 1880 irp’
843 1788 952 1875 ὕβριος,
978 1787 1012 1855 oi)
1035 1795 1114 1854 κατά
1137 1789 1248 1877 κόσμον
1269 1790 1273 1878 l
1294 1791 1414 1880 ἐρχεπαι

265 1926 282 1966 υ
310 1907 368 1969 181
394 1904 459 1987 πρὶν
471 1911 577 1986 χειρων
589 1901 764 1981 γεόσασθαι,
778 1895 886 1962 ἐπείσίι
899 1920 953 1982 περ
977 1895 1012 1962 ot
1034 1903 1113 1962 κατὰ
1134 1903 1246 1985 κόσμον

129 2015 163 2078 h.
187 2013 284 2078 Mero.
309 2015 374 2078 255
398 2012 533 2072 θᾶσσον·
550 2004 612 2070 ἐπεὶ
628 2011 710 2092 τάχα
724 2015 776 2070 νωϊ
791 2003 953 2092 διοισόμεθ’
971 2001 1011 2068 ob
1034 2011 1112 2070 κατὰ
1134 2010 1256 2093 κόσμον,

130 2120 201 2186 Nec
223 2142 299 2186 vero
325 2119 480 2204 neglegas
504 2117 611 2180 locum
636 2111 661 2176 Θ
688 2118 727 2180 12

367 2225 487 2310 πληγείς
510 2218 544 2285 ob
567 2225 646 2285 κατὰ
669 2225 783 2307 κόσμον
804 2216 953 2284 ἐλεόοεπαι
976 2210 1182 2306 Οὔλυμπόνδε,Ι

132 2334 188 2399 ubi
210 2333 294 2399 idem
317 2331 414 2399 eundi
438 2331 570 2397 verbum
595 2333 654 2408 est,
679 2351 738 2394 nec
762 2350 828 2393 non
852 2327 877 2391 B
904 2330 978 2407 214,
1004 2323 1029 2388 E
1055 2333 1129 2404 159,
1153 2325 1272 2411 Ρ205,
1297 2353 1314 2411 γ
1341 2335 1412 2410 138,

131 2443 155 2502 θ
183 2443 255 2522 119,
284 2438 299 2512 Ε
324 2442 387 2506 333
411 2435 541 2525 (ubique
575 2433 609 2500 c’o
632 2455 661 2501 κ.
686 2457 716 2500 κ.
748 2436 782 2500 in
812 2435 953 2502 secunda
980 2435 1067 2520 sede)
1097 2439 1130 2501 et
1158 2431 1190 2500 εί)
1220 2440 1299 2502 κατά
1320 2458 1351 2504 ιι.
1381 2439 1415 2504 in

133 2549 277 2614 clausula
301 2571 349 2616 vv.
374 2542 405 2608 K
429 2549 493 2611 472
518 2541 543 2606 Ω
568 2547 631 2610 622
656 2542 845 2628 similiaque.

240 2681 292 2747 10.
315 2679 525 2746 Locutionem
548 2672 603 2742 ota
626 2673 742 2740 ἐθέλων
765 2677 799 2741 in
823 2676 861 2742 fr.
886 2672 926 2739 13
951 2703 977 2742 ν.
1002 2673 1043 2740 13

445 2782 501 2849 obn
524 2782 639 2850 ἐθέλων
662 2781 781 2848 ἕπεται·
806 2785 926 2868 παχέως
948 2781 974 2844 δ’
988 2778 1177 2868 ἀναμίσγεται
1200 2783 1256 2873 ἄκη

136 2921 153 2962 c
179 2895 328 2962 thesauro
352 2894 443 2977 epico
466 2913 536 2960 esse
559 2897 721 2977 sumptam
745 2897 845 2956 testes
869 2895 946 2956 sunt

318 2998 343 3063 Δ
367 3005 431 3066 300
455 2997 534 3086 όρρα
557 3001 610 3061 καὶ
633 2995 688 3062 oba
711 2995 826 3060 ἐθέλων
848 3018 892 3069 τις
915 2991 1063 3080 ἀναγκαίῃ
1087 2997 1237 3084 πολεμίζοι

313 3105 346 3170 Ψ
371 3112 412 3174 88
457 3111 567 3192 νήπιος,
591 3101 646 3168 obn
669 3102 793 3179 ἐθέλων,
817 3099 891 3190 ἀμφ’
914 3098 1124 3188 ἀσπραγάλοια
1146 3104 1298 3191 χολωθείς

329 3237 343 3277 ε
370 3219 432 3281 155
456 3211 487 3276 ἐν
509 3216 614 3276 σπέσσι
636 3212 810 3298 γλαφυροῖσι
832 3206 902 3294 παρ’
924 3207 980 3274 ote
1003 3208 1118 3275 ἐθέλων
1141 3210 1290 3299 ἐθελοόσῃ

208 3317 253 3407 (h.
276 3321 343 3386 Cer.
372 3324 433 3386 124
456 3318 572 3406 ἤλυθον
595 3314 650 3381 oia
673 3314 830 3392 titionem,
854 3315 904 3402 βίῃ
928 3317 955 3379 δ’
968 3313 1116 3383 ἀέκουσαν
1140 3317 1280 3406 ἀνάγκη.)

140 3428 247 3492 Etiam
270 3428 351 3492 alios
375 3450 467 3493 casus
491 3427 653 3492 Homerus
676 3430 821 3508 usurpat,
845 3426 991 3491 velutin

334 3556 347 3596 ε
371 3539 412 3601 99
459 3531 532 3606 Ζεὺς
555 3530 610 3619 ἐμέ
632 3527 658 3613 γ’
680 3528 784 3618 ίγνόιγει
829 3528 896 3615 δεῦρ
920 3529 1047 3617 ἐλθέμεν
1070 3529 1124 3596 οίικ
1148 3531 1292 3600 ἐθέλοντα

323 3662 347 3703 ω
371 3645 433 3709 301
458 3637 562 3721 πλάγξ’
585 3637 644 3702 ἀπὸ
667 3635 806 3724 Σικανίης
829 3635 896 3722 beot
920 3635 1048 3725 ἐλθέμεν
1071 3635 1126 3703 ota
1149 3638 1301 3710 ἐθέλοντα.

247 3777 292 3840 11.
315 3774 491 3840 Exordium
521 3773 700 3840 hexametri
732 3771 822 3852 ,ἀλλὰ
845 3769 925 3844 Ζείις’
952 3774 1121 3858 quinquies
1145 3772 1183 3856 (Δ
1207 3780 1269 3843 381
1301 3773 1331 3851 Ν
1357 3782 1420 3848 355

143 3877 231 3948 181
257 3903 274 3964 ρ
298 3885 362 3947 424
386 3903 402 3944 τ
425 3885 479 3963 80)
508 3887 557 3948 est
587 3881 622 3946 in
650 3880 785 3946 Homeri
814 3880 1018 3949 carminibus.
1066 3879 1190 3958 Quibus
1216 3884 1296 3949 locis
1323 3884 1422 3952 addas

145 3986 223 4051 ἀλλὰ
245 3985 299 4051 Ζεῦ
323 3985 435 4055 3242.
484 3991 602 4056 Versus
618 3985 724 4058 Ν355
746 3989 832 4058 Iovis
848 3990 1014 4058 scientiam
1032 3991 1139 4056 omnia
1155 3991 1422 4074 complectentem

144 4096 220 4160 satis
244 4097 411 4178 exprimit:

485 4201 565 4266 ἀλλὰ
587 4200 660 4275 Ζεὺς
681 4199 823 4285 πρότερος
844 4203 951 4281 γεγόνει
974 4198 1026 4266 καί
1047 4201 1166 4266 πλείονα
1189 4205 1267 4292 epte

146 4308 288 4374 similiter
312 4331 385 4375 cum
408 4309 470 4374 hoc
493 4309 622 4375 Solonis
646 4309 828 4374 criuntieto:

308 4416 347 4481 fr.
376 4420 458 4496 13,ιι
487 4412 567 4478 ἀλλὰ
589 4411 662 4486 Ζεὺς
684 4418 796 4476 πάντων
820 4411 914 4502 ἐφορᾷ
936 4410 1030 4498 τέλος,
1055 4410 1192 4504 ἐξαπίνης
1216 4417 1258 4485 δέ.

150 4538 312 4604 Vocabula
336 4539 415 4603 ἀλλὰ
438 4536 509 4611 zet<
533 4562 591 4624 per
614 4562 647 4605 se
669 4539 742 4622 ipsa
766 4562 837 4605 cum
864 4539 998 4604 minoris
1026 4543 1181 4606 momenti
1208 4543 1282 4624 sint,
1316 4547 1423 4616 tamen

148 4669 184 4712 ex
216 4647 349 4710 metrica
380 4647 506 4712 ratione
537 4647 635 4732 digna
666 4652 752 4727 sunt,
781 4669 863 4731 quae
894 4647 1072 4712 comminus
1104 4649 1275 4713 intuearis:
1307 4650 1424 4714 etenim

24 4783 26 4792 ¹
148 4753 281 4819 sibilans
305 4754 320 4825 i
346 4753 380 4818 in
408 4753 458 4818 bis
491 4753 636 4818 versibus
670 4758 798 4820 tantum
821 4754 917 4833 valet,
952 4760 990 4819 ut
1012 4754 1206 4837 positionem
1231 4756 1326 4820 etiam
1348 4764 1425 4840 post

1446 369 1474 422 Il
1494 368 1577 422 8-11
