3412 5250
692 372 911 434 ..31-

266 567 313 632 1⁷.
337 563 457 640 Quodsi
481 563 611 628 afflatus
634 563 759 628 divinus
780 568 949 646 pottarum
973 563 1007 628 in
1023 563 1287 628 similitudinibus
1311 577 1438 648 quoque

161 673 274 752 elucet,
290 673 388 738 ctiam
403 671 436 734 in
453 669 515 734 hac
530 692 564 734 re
581 669 732 736 Solonem
749 670 789 735 ab
805 669 946 736 Homero
963 669 1111 735 didicisse
1124 669 1235 754 liquet.
1261 667 1389 735 Etenim
1405 671 1438 734 in

242 780 281 844 fr.
306 778 328 843 9
352 801 381 846 ν,
405 775 423 842 l
447 775 482 840 ἐκ
504 776 632 862 νεφέλης
652 777 772 839 πέλεται
794 779 894 862 χιόνος
917 781 1005 861 μένος
1028 773 1082 861 ἠδὲ
1104 776 1243 861 χαλάζης

160 887 268 952 eadem
292 886 433 972 imagine
456 885 568 963 utitur,
592 907 656 968 qua
679 884 731 949 hio
754 885 788 948 in
812 909 841 949 v.

309 991 335 1056 Ο
362 998 424 1060 170
448 988 490 1064 ὡς
512 988 537 1052 δ’
552 987 593 1054 ὅτ’
608 987 643 1054 ἂν
660 988 695 1054 ἐκ
710 995 818 1076 νεφέων
834 1001 939 1078 πτῆται
954 994 1040 1078 νιφὰς
1054 987 1090 1076 ἠὲ
1105 991 1236 1075 χαλάζα.

161 1100 228 1166 Νοο
257 1099 506 1183 praetereundas
534 1121 648 1164 censeo
680 1099 878 1164 elocutiones
909 1098 1032 1182 χαλάζῃ
1057 1093 1060 1184 l
1085 1093 1105 1182 ἢ
1129 1091 1205 1182 χιόνι
1228 1095 1268 1182 (Χ
1296 1103 1353 1163 151
1381 1095 1440 1182 sq.)

161 1229 264 1291 nsque
287 1202 323 1292 ἠὲ
345 1205 483 1291 χάλαζαν
508 1201 512 1291 l
537 1201 556 1290 ἢ
580 1200 691 1290 νιρετόν
714 1201 870 1292 (Ksssq.).
918 1203 1037 1270 Omnes
1060 1204 1095 1268 hi
1110 1203 1174 1269 loci
1190 1205 1306 1269 docent
1322 1206 1441 1268 formas

161 1313 353 1378 substantivi
376 1313 500 1398 χάλαζα
521 1311 644 1395 pariter
667 1312 752 1394 apud
777 1311 954 1377 Homerum
979 1334 1016 1376 ac
1036 1311 1186 1377 Solonem
1211 1312 1305 1376 finem
1330 1333 1442 1376 versus

162 1422 296 1488 efficere.

267 1583 316 1647 18.
339 1580 504 1646 Musarum
528 1585 630 1644 mater
653 1580 855 1645 existimatur
877 1579 1033 1644 Memoria
1056 1580 1089 1644 in
1169 1637 1173 1646 .

197 1688 235 1756 fr.
245 1685 286 1750 13
295 1685 352 1752 ν.1
375 1682 575 1774 Μνημοσύνης
598 1687 650 1748 καὶ
673 1683 765 1772 Ζηνὸς
788 1680 951 1771 Ὀλομπίοο
975 1683 1075 1766 άηλαά
1098 1689 1186 1747 τέκνα
1211 1681 1214 1772 1
1241 1682 1357 1748 Μοῦσαι

162 1801 193 1862 et
215 1797 249 1861 in
273 1797 306 1860 h.
331 1795 427 1863 Mero.
453 1798 517 1860 429
542 1817 588 1878 sq.

375 1897 573 1987 Μνημοοονην
585 1902 636 1988 μὲν
647 1911 749 1982 πρωτα
759 1901 839 1964 θεων
849 1896 996 1982 ἐγέραιρεν
1008 1897 1111 1985 ἀοιδῆς
1120 1897 1122 1986 l
1131 1897 1399 1986 μητέραΜοοοάων
1409 1902 1441 1983 ¹).

269 2066 318 2131 19.
340 2064 392 2130 Fr.
417 2061 457 2126 13
481 2087 510 2128 v.
535 2059 556 2126 3
580 2078 632 2142 sq.

378 2166 464 2248 ὄλβον
487 2189 536 2253 μοι
559 2171 633 2252 πρὸς
656 2169 735 2230 θεῶν
759 2172 902 2253 μακάρων
927 2165 991 2230 δότε
1015 2171 1067 2230 οιαὶ
1089 2170 1163 2252 πρὸς
1186 2165 1320 2232 ἁπάντων

430 2273 595 2358 ἀνθρώπων
619 2254 786 2346 αἰεὶῖόξαν
809 2273 887 2360 ἔχειν
912 2273 1032 2361 ἀγαθήν

164 2387 260 2452 simili
283 2385 410 2470 quidem
435 2387 597 2448 structura
621 2389 670 2448 est
693 2387 789 2467 atque
812 2383 923 2448 Iliadis

235 2492 265 2558 A
290 2496 352 2558 339
377 2487 451 2575 πρός
473 2512 503 2552 τε
526 2491 606 2552 θεῶν
629 2492 772 2574 μακάρων
795 2494 869 2572 πρός
893 2512 922 2553 τε
945 2491 1061 2576 θνητῶν
1085 2489 1261 2574 ἀνθρώπων,

164 2603 219 2666 sed
242 2600 381 2664 multum
404 2599 510 2662 differt
533 2597 573 2661 ab
597 2597 659 2661 hoc
676 2597 810 2661 Homeri
833 2620 937 2673 versu,
962 2620 1034 2662 cum
1058 2599 1155 2684 longe
1180 2599 1267 2664 varia
1290 2600 1333 2664 sit
1356 2600 1445 2665 notio

164 2705 412 2790 praepositionis
435 2707 520 2788 πρός.
566 2703 732 2772 Prothesis
755 2701 830 2787 πρός
854 2705 938 2770 enim
962 2705 1047 2788 apud
1067 2705 1157 2770 illum
1174 2706 1256 2772 idem
1273 2707 1445 2792 significat,

165 2815 251 2900 quod
279 2813 431 2878 Latinum
465 2833 534 2894 per
563 2811 597 2876 in
629 2810 836 2909 iurisiurandi
867 2813 971 2877 verbis
1002 2811 1219 2896 concipiendis
1246 2819 1446 2896 usurpatum,

166 2923 252 3006 apud
275 2921 362 2986 hunc
385 2925 492 2986 autem
516 2919 599 2983 idem
623 2919 702 3007 vult,
734 2919 819 3002 quod
843 2918 993 2984 Latinum
1018 2919 1062 2984 ab
1086 2919 1192 2984 verbis
1215 2919 1392 3004 accipiendi
1416 2926 1447 2985 et

165 3027 358 3112 impetrandi
394 3027 589 3093 adiunctum.
637 3025 759 3101 Quodsi
788 3025 887 3092 Solon
922 3027 1042 3111 aliquid
1073 3027 1178 3092 famae
1207 3027 1307 3108 dedit,
1346 3051 1447 3113 „quae

167 3135 307 3201 carmine
342 3134 467 3221 gratior
500 3155 609 3198 aurem
640 3129 643 3218 Ι
676 3137 812 3214 occupat
846 3133 1040 3198 humanam“
1078 3130 1168 3220 (Hor.
1204 3138 1264 3201 sat.
1300 3140 1329 3201 2.
1347 3136 1446 3220 aer),

166 3243 347 3308 mirandum
379 3263 445 3307 non
474 3245 531 3309 est.
577 3239 647 3304 Iam
675 3239 836 3304 Homerus
864 3239 1011 3304 homines
1038 3239 1222 3320 praeclarae
1246 3242 1448 3324 auctoritatis

167 3349 450 3433 appetentissimos
473 3346 570 3431 fingit
592 3346 730 3410 testibus
754 3369 802 3413 vv.

234 3487 255 3527 α
280 3469 321 3531 95
344 3486 361 3542 η
387 3461 462 3548 [78]
486 3457 533 3546 ἠδ’
553 3457 602 3523 ἵνα
626 3482 671 3546 μιν
694 3461 785 3532 alto<
807 3458 917 3523 ἐσθλὸν
942 3457 971 3522 ἐν
995 3457 1190 3544 ἀνθρώποισιν
1213 3462 1317 3547 ἔχηοιν

167 3580 218 3666 (cf.
254 3580 344 3652 κλέος
376 3575 490 3648 πάντας
523 3573 567 3638 ἐπ’
599 3574 778 3660 ἀνθρώπους
807 3573 838 3639 Κ
863 3581 926 3642 212
950 3599 1008 3662 sq.‚
1040 3599 1061 3638 α
1085 3582 1148 3644 283
1172 3601 1231 3663 sq.,
1262 3583 1364 3645 τ333
1388 3603 1447 3664 sq„

168 3710 191 3748 ω
217 3692 259 3753 94
283 3683 352 3772 sq.).
399 3685 462 3749 Hic
490 3684 709 3769 intellegimus
737 3685 822 3766 apud
850 3685 937 3749 hunc
963 3684 1141 3770 elegiacum
1168 3686 1202 3748 in
1231 3686 1336 3751 locum
1362 3689 1448 3753 vocis

167 3793 358 3878 antiquioris
380 3791 472 3863 κλέος
494 3791 704 3856 recentiorem
729 3787 826 3870 δόξαν,
851 3791 937 3875 quod
960 3790 1088 3876 quidem
1110 3813 1226 3857 nomen
1250 3793 1446 3858 rarissimum

168 3906 217 3966 est
245 3899 331 3982 apud
359 3899 451 3964 illum
475 3893 517 3983 (K
541 3901 605 3964 324
633 3898 652 3959 λ
677 3901 753 3977 344)
782 3903 814 3962 et
841 3897 1018 3984 genuinum
1042 3921 1171 3964 sensum
1194 3900 1335 3964 nondum
1361 3903 1449 3965 exuit

168 4005 238 4094 (άπὸ
271 4005 360 4092 δόξης
394 4006 478 4070 enim
513 4009 562 4070 est
596 4010 754 4087 praeter·
789 4003 1147 4092 exspectationem),
1182 4007 1319 4072 fortasse
1352 4009 1448 4072 etiem

167 4119 270 4180 metro
294 4113 460 4191 suadente,
483 4111 683 4178 successisse.

275 4277 326 4340 20.
350 4271 447 4338 Nunc
470 4273 533 4338 alio
558 4271 689 4358 egregio
714 4273 860 4354 exemplo
885 4273 997 4338 docere
1022 4275 1163 4339 conabor
1186 4275 1347 4356 Solonem,
1377 4299 1448 4342 oum

169 4381 302 4447 Homeri
331 4380 476 4466 vestigiis
508 4381 689 4456 insisteret,
720 4380 815 4444 simul
847 4379 1115 4464 significationem
1150 4405 1263 4446 vocum
1297 4383 1449 4466 opinione

168 4487 320 4553 audacius
343 4492 494 4552 mutasse.
541 4485 666 4567 Nempe
690 4481 799 4547 αἰδοῐον
824 4491 856 4549 et
878 4485 968 4548 δεινόν
991 4487 1023 4550 in
1322 4469 1323 4472 Ἴ

365 4595 403 4658 fr.
428 4591 468 4656 13
492 4617 521 4658 v.
546 4591 568 4656 6
592 4601 664 4654 τοῖοι
687 4594 739 4676 μὲν
762 4587 880 4666 αἰδοῖον,
904 4602 977 4654 τοῖοι
999 4593 1031 4654 δὲ
1055 4591 1145 4657 δεινὸν
1167 4591 1237 4657 ἰδεῖν

169 4717 381 4728 *—

277 4769 297 4838 ¹l
318 4771 444 4829 Vide.de
462 4773 516 4828 hoc
536 4789 617 4827 versu
636 4771 724 4826 etiarn
743 4770 819 4825 infra
839 4772 909 4840 (cap.
929 4769 995 4836 ln).

1456 333 1504 434 ι’ν,
1526 365 1631 421 n-so

1504 565 1543 630 ρ.
1563 568 1587 615 a
