3412 5250
697 291 740 304 ···
784 261 822 323 41
878 291 914 307 -
1458 256 1504 324 IV,
1523 255 1630 310 50—53

130 448 253 514 niusa
277 449 414 536 quidem,
446 425 724 524 sedfiuversibur
752 453 818 516 tam
849 449 1007 533 suspectis
1036 449 1224 534 neutiquam
1252 449 1441 530 necessarie,

154 556 349 638 praesertim
373 578 445 626 cum
468 555 665 621 locutionem
687 555 777 627 κῦδος
800 553 929 618 ὀπάσσαι
952 556 991 620 ab
1009 555 1181 620 Homerico
1205 556 1281 622 stilo
1303 556 1442 638 pendere

154 663 344 743 viderimus,
368 685 397 727 v.
419 684 517 744 supra
540 663 580 728 ad
603 663 643 728 fr.
670 666 736 742 las
761 686 792 745 p.
820 667 870 730 24.

694 854 709 920 Ι
721 857 750 922 Α
762 855 794 920 Μ
808 855 834 920 Β
847 855 907 920 01,
1001 803 1002 808 ¹
1482 851 1615 910 ΙΑΜΒΟΙ.

269 1001 321 1065 50.
344 999 556 1064 Notissimum
581 1006 630 1064 est
651 1001 731 1066 illud
756 1002 881 1084 epicum
902 999 1139 1066 hemistichium
1162 994 1254 1061 ‘nard
1277 1002 1370 1085 φρένα
1392 1001 1444 1062 καὶ
1496 1000 1536 1065 fr,
1555 1001 1597 1050 33.

156 1109 239 1169 ιιατόι
263 1103 377 1190 θορόν,
407 1107 492 1190 quod
522 1107 625 1172 decies
655 1107 687 1172 in
716 1107 826 1185 Iliade,
859 1108 894 1172 in
918 1107 1070 1192 Odyssea·
1087 1105 1247 1186 undecies,
1280 1106 1380 1170 semel
1410 1107 1443 1170 in

157 1213 290 1297 hymnis
314 1217 438 1278 exstare
462 1215 708 1296 exploravimus.
757 1215 845 1290 Quae
869 1215 1001 1279 nomina
1025 1213 1121 1280 toties
1145 1213 1328 1279 consociata
1344 1211 1443 1278 Solon

157 1321 191 1384 in
226 1343 320 1384 usum
352 1343 445 1385 suum
477 1321 523 1385 ita
556 1323 723 1400 convertit,
759 1327 795 1387 ut
828 1322 969 1386 numeris
1000 1320 1198 1386 mutatis-
1224 1325 1273 1386 est
1302 1320 1443 1385 enimin

144 1427 356 1492 -tetrametris
379 1428 551 1493 trochaicis
575 1465 618 1474 ···
641 1431 782 1495 ordinem
814 1430 1141 1514 quoqueverborum
1170 1428 1387 1494 immutaverit
1408 1428 1442 1494 in

205 1533 244 1600 fr.
271 1531 313 1598 33
382 1533 446 1599 v.4
483 1591 565 1604 ....
590 1535 690 1620 θοροῦ
712 1533 745 1598 θ’
767 1533 887 1620 ἁμαρτῇ
910 1538 961 1598 καὶ
984 1545 1095 1622 φρενῶν
1119 1533 1309 1621 ἀποσφαλείς,

270 1677 316 1742 51.
339 1669 529 1760 Ὀφθαλροῖς
552 1673 623 1760 ὁρᾶν
646 1701 705 1761 pro
729 1679 866 1762 simplici
890 1675 962 1761 ὁρᾶν
985 1678 1018 1742 in
1042 1678 1207 1744 trochaico
1230 1701 1324 1744 versu

97 1831 106 1842 .
207 1783 245 1848 fr.
260 1778 316 1846 30.
329 1779 370 1845 31
381 1781 514 1865 ruffi)
551 1784 668 1857 ’λοξὸν
691 1782 874 1872 ὀφθαλμοῖο
897 1782 987 1869 ὁρῶσι
1010 1789 1115 1858 πάντες
1137 1782 1212 1848 ὥστε
1235 1783 1316 1871 δήϊον
1444 1783 1483 1849 fr.
1493 1786 1536 1836 30.
1547 1784 1580 1834 31
1592 1779 1656 1848 (H)-

162 1893 195 1951 et
218 1876 251 1952 in
274 1888 411 1954 iambico
796 1911 798 1916 ’

222 1995 261 2061 fr.
278 1993 349 2060 3211
364 2020 392 2061 v.
410 1996 430 2060 2
446 1993 500 2082 (H)
517 2021 564 2082 sq.
588 1999 608 2060 ἃ
623 2007 670 2062 νῦν
685 1999 804 2085 ἔχουσιν
820 1996 918 2064 οὔποτ’
933 1996 1133 2085 ὀφθαλμοῖσιν
1149 1997 1184 2062 tv
1202 1997 1205 2087 {
1223 1995 1355 2071 εὕδοντες
1369 1995 1444 2061 εἶδον

163 2101 351 2182 invenimus,
375 2105 461 2188 quod
485 2127 525 2170 ex
548 2106 677 2188 copiosa
700 2107 782 2189 epici
810 2113 924 2189 podiae
954 2107 1153 2188 supellectile
1181 2131 1250 2173 esse
1279 2109 1443 2191 demptum

164 2231 221 2290 pro
245 2210 412 2292 explorato
435 2211 605 2289 habemus3
629 2213 675 2278 sic
698 2209 883 2300 ὀφθαλμοῖσι
904 2212 991 2280 acm
1014 2213 1174 2296 inprime
1197 2215 1271 2280 sede
1294 2237 1327 2280 v·.⁴
1348 2211 1372 2276 Γ
1389 2217 1441 2280 28.

270 2353 320 2416 52.
343 2351 482 2418 Telluris
517 2355 694 2436 epithetum
726 2319 853 2439 ρὲλαινα
884 2356 1030 2438 exemplo
1061 2357 1176 2421 ductus
1205 2356 1353 2435 Homeri,
1389 2357 1443 2440 qui
1461 2354 1501 2419 fr.
1520 2356 1555 2404 32
1574 2351 1635 2417 (Η)-

165 2458 281 2539 septies
305 2481 342 2523 eo
367 2482 443 2525 usus
467 2465 516 2524 est
539 2458 579 2542 (B
604 2465 666 2528 699
693 2462 720 2526 O
747 2466 809 2529 715
833 2459 858 2524 P
883 2467 946 2527 416
970 2459 1118 2528 Υ494λ
1142 2467 1216 2536 365,
1242 2467 1303 2530 587
1329 2487 1345 2526 τ
1371 2471 1444 2537 111,

165 2566 243 2630 adde
267 2565 298 2634 h.
323 2565 386 2648 Ap.
411 2567 473 2648 (P.)
498 2571 574 2648 369)
599 2568 699 2635 Solon
724 2592 852 2654 quoque
875 2569 1024 2635 adhibuit
1046 2570 1080 2633 in
1103 2570 1142 2636 fr.
1167 2567 1208 2634 32
1231 2595 1260 2636 v.
1286 2569 1306 2634 ὅ
1331 2570 1385 2658 (H)

430 2672 545 2758 ἄριστα,
571 2673 595 2737 Γ
596 2686 615 2762 ἠ
639 2676 773 2760 μέλαινα,
797 2687 850 2763 τῆς
873 2673 931 2756 ἐγώ
954 2697 1023 2738 ποτε
1049 2732 1157 2745 ,,,,,

166 2781 235 2858 (nec
258 2781 506 2866 neglegendum,
532 2785 617 2868 quod
640 2780 738 2866 supra
762 2784 806 2866 (p.
832 2786 887 2866 26)
913 2785 1015 2848 ad'fr.
1041 2789 1108 2864 38,a
1136 2784 1222 2859 dixi).

270 2926 320 2990 53.
344 2925 535 3011 Priusquam
564 2929 694 2994 chartae
725 2928 951 2994 Aristotelicas
981 2924 1129 2998 πολιτείας
1155 2923 1228 2996 Ἀθ,
1262 2929 1302 2992 ab
1334 2927 1446 2994 inferis

167 3031 336 3096 suscitatae
359 3038 444 3110 sunt,
468 3035 588 3100 frustra
612 3023 742 3118 operam
765 3035 973 3117 perdiderunt
996 3035 1142 3100 acerrimi
1165 3035 1225 3100 viri
1244 3035 1275 3099 in
1293 3037 1444 3101 sanandis

166 3159 211 3204 vv.
237 3137 276 3202 fr.
301 3137 342 3202 32
365 3164 394 3206 ν.
419 3139 464 3206 10
487 3165 534 3226 sq.
559 3142 619 3225 (H)
643 3146 698 3222 (ε
723 3146 790 3217 36,e
817 3141 902 3226 Bglr)

433 3304 670 3317 ,,,,,,,,
696 3249 764 3320 τοὺς
787 3245 812 3308 δ’
836 3245 1001 3332 ἀναγκαίης
1021 3243 1078 3310 duo

431 3358 566 3439 χρησμὸν
589 3355 735 3434 λέγοντας,
758 3354 888 3435 γλῶτταν
911 3349 1005 3416 οὐκέτ’
1027 3349 1165 3440 Ἀττικήν

430 3672 610 3760 ἐλεοθέροος
632 3678 743 3763 ἔθηκα.

168 3779 289 3864 Nempe
308 3781 392 3846 'illud
414 3787 549 3870 χρησμὸν
572 3784 712 3865 λέγοντας
735 3786 804 3867 (aut
832 3781 1091 3869 χρησμῳδέοντας,
1120 3785 1156 3845 ut
1186 3779 1379 3865 Abrensius)
1408 3784 1448 3848 ad

168 3889 297 3953 verbum
324 3889 576 3975 intellegebatur
603 3917 622 3956 a
649 3892 811 3976 plerisque
840 3891 900 3954 ita:
929 3884 1133 3953 ‘necessitate
1163 3887 1265 3952 coacti
1293 3891 1448 3954 mercedis

170 4018 262 4060 causa
285 3997 416 4062 oracula
440 3999 560 4064 dabant
584 3994 701 4064 exules’
725 3996 827 4080 (more
857 3995 1094 4081 Cingarorum).
1142 3994 1261 4060 Contra
1288 3995 1447 4081 Bergkius

170 4101 280 4168 ceteris
310 4105 412 4170 multo
440 4106 587 4190 sagacior
614 4106 675 4171 sibi
704 4106 792 4170 visus
820 4107 878 4180 est,
912 4125 984 4167 cum
1011 4102 1294 4184 interpretaretur:
1327 4099 1447 4188 ‘loque-

171 4211 285 4274 bantur
313 4210 376 4276 iam
407 4214 515 4278 exules
542 4237 657 4296 parum
684 4202 803 4288 Attice,
835 4211 890 4277 sed
919 4232 1065 4278 sermone
1095 4210 1308 4292 subobscuro,
1343 4212 1448 4297 qualis

170 4322 215 4382 est
251 4315 476 4398 oraculorum’3
521 4321 566 4385 sic
605 4341 664 4385 nos
704 4319 807 4384 dicere
846 4317 1069 4384 consuevimus
1103 4312 1302 4383 “oralrelhaft
1340 4319 1446 4398 reden,

171 4419 317 4491 crakeln'.
363 4425 418 4508 At,
448 4428 534 4512 qu'od
563 4427 787 4513 gravissimum
820 4431 878 4508 est,
906 4425 1031 4491 nullum
1060 4449 1099 4491 ex
1126 4427 1311 4491 auctoribus
1341 4427 1448 4491 locum

169 4533 309 4614 proferre
331 4535 447 4618 potuit,
473 4557 537 4619 quo
560 4535 639 4606 illud
663 4537 799 4620 χρησμὸν
821 4529 914 4612 λέγειν
938 4555 1009 4598 eum
1033 4533 1301 4602 sensumhabere
1318 4534 1447 4598 demon-

171 4643 331 4708 straretur.
