<?xml version="1.0" encoding="UTF-8"?>
<!DOCTYPE html PUBLIC "-//W3C//DTD XHTML 1.0 Transitional//EN"
    "http://www.w3.org/TR/xhtml1/DTD/xhtml1-transitional.dtd">
<html xmlns="http://www.w3.org/1999/xhtml" xml:lang="en" lang="en">
 <head>
  <title>
</title>
<meta http-equiv="Content-Type" content="text/html;charset=utf-8" />
  <meta name='ocr-system' content='tesseract 3.04.00' />
  <meta name='ocr-capabilities' content='ocr_page ocr_carea ocr_par ocr_line ocrx_word'/>
</head>
<body>
  <div class='ocr_page' id='page_1' title='image "./soloniselocutio00riedgoog_0035.png"; bbox 0 0 3412 5250; ppageno 0'>
   <div class='ocr_carea' id='block_1_1' title="bbox 42 345 988 418">
    <p class='ocr_par' dir='ltr' id='par_1_1' title="bbox 42 345 988 418">
     <span class='ocr_line' id='line_1_1' title="bbox 42 345 988 418; baseline 0.002 -18"><span class='ocrx_word' id='word_1_1' title='bbox 42 346 94 412; x_wconf 86' lang='lat' dir='ltr'>m,</span> <span class='ocrx_word' id='word_1_2' title='bbox 113 345 221 400; x_wconf 82' lang='lat' dir='ltr'>ar-as</span> <span class='ocrx_word' id='word_1_3' title='bbox 766 389 810 400; x_wconf 78' lang='grc'>-</span> <span class='ocrx_word' id='word_1_4' title='bbox 856 357 898 418; x_wconf 81' lang='lat'>26</span> <span class='ocrx_word' id='word_1_5' title='bbox 944 393 988 402; x_wconf 82' lang='grc'>-</span> 
     </span>
    </p>
   </div>
   <div class='ocr_carea' id='block_1_2' title="bbox 65 539 978 617">
    <p class='ocr_par' dir='ltr' id='par_1_2' title="bbox 65 539 978 617">
     <span class='ocr_line' id='line_1_2' title="bbox 65 539 978 617; baseline 0.005 -6"><span class='ocrx_word' id='word_1_6' title='bbox 65 539 197 598; x_wconf 78' lang='lat' dir='ltr'>nasu.</span> <span class='ocrx_word' id='word_1_7' title='bbox 778 545 978 617; x_wconf 77' lang='lat' dir='ltr'>inunor.</span> 
     </span>
    </p>
   </div>
   <div class='ocr_carea' id='block_1_3' title="bbox 25 685 1517 1302">
    <p class='ocr_par' dir='ltr' id='par_1_3' title="bbox 25 685 1517 1302">
     <span class='ocr_line' id='line_1_3' title="bbox 25 685 1229 776; baseline 0.012 -27"><span class='ocrx_word' id='word_1_8' title='bbox 25 685 63 749; x_wconf 75' lang='lat' dir='ltr'>fr.</span> <span class='ocrx_word' id='word_1_9' title='bbox 83 689 142 739; x_wconf 69' lang='lat'>320</span> <span class='ocrx_word' id='word_1_10' title='bbox 161 685 225 752; x_wconf 81' lang='lat' dir='ltr'>(H)·</span> <span class='ocrx_word' id='word_1_11' title='bbox 345 689 393 753; x_wconf 79' lang='lat'>27.</span> <span class='ocrx_word' id='word_1_12' title='bbox 419 685 572 754; x_wconf 76' lang='lat' dir='ltr'>Similiter</span> <span class='ocrx_word' id='word_1_13' title='bbox 596 695 693 776; x_wconf 87' lang='lat' dir='ltr'>atque</span> <span class='ocrx_word' id='word_1_14' title='bbox 718 693 754 762; x_wconf 82' lang='lat' dir='ltr'>fr.</span> <span class='ocrx_word' id='word_1_15' title='bbox 780 693 850 760; x_wconf 77' lang='lat' dir='ltr'>aaa</span> <span class='ocrx_word' id='word_1_16' title='bbox 872 719 901 762; x_wconf 78' lang='grc' dir='ltr'>ν.</span> <span class='ocrx_word' id='word_1_17' title='bbox 926 693 948 759; x_wconf 84' lang='grc'>4</span> <span class='ocrx_word' id='word_1_18' title='bbox 971 696 1018 761; x_wconf 88' lang='lat' dir='ltr'>ed.</span> <span class='ocrx_word' id='word_1_19' title='bbox 1044 695 1229 764; x_wconf 81' lang='lat' dir='ltr'>Hill-(lrus</span> 
     </span>
     <span class='ocr_line' id='line_1_4' title="bbox 482 794 1174 886; baseline 0.009 -27"><span class='ocrx_word' id='word_1_20' title='bbox 482 875 484 880; x_wconf 14' lang='grc' dir='ltr'><strong><em>Α</em></strong></span> <span class='ocrx_word' id='word_1_21' title='bbox 580 794 643 860; x_wconf 80' lang='grc' dir='ltr'>ὅσοι</span> <span class='ocrx_word' id='word_1_22' title='bbox 667 799 699 862; x_wconf 84' lang='grc' dir='ltr'>δὲ</span> <span class='ocrx_word' id='word_1_23' title='bbox 722 804 839 886; x_wconf 78' lang='grc' dir='ltr'>μείζους</span> <span class='ocrx_word' id='word_1_24' title='bbox 861 804 914 864; x_wconf 80' lang='lat' dir='ltr'>uni</span> <span class='ocrx_word' id='word_1_25' title='bbox 937 803 1001 883; x_wconf 86' lang='grc' dir='ltr'>βίαν</span> <span class='ocrx_word' id='word_1_26' title='bbox 1024 799 1174 886; x_wconf 76' lang='grc' dir='ltr'>ἀμείνονες</span> 
     </span>
     <span class='ocr_line' id='line_1_5' title="bbox 239 899 688 970; baseline 0.013 -6"><span class='ocrx_word' id='word_1_27' title='bbox 239 899 398 965; x_wconf 75' lang='lat' dir='ltr'><strong>clauditur</strong></span> <span class='ocrx_word' id='word_1_28' title='bbox 422 902 554 968; x_wconf 84' lang='lat' dir='ltr'>Homeri</span> <span class='ocrx_word' id='word_1_29' title='bbox 579 927 688 970; x_wconf 88' lang='lat' dir='ltr'>versus</span> 
     </span>
     <span class='ocr_line' id='line_1_6' title="bbox 443 1005 1352 1101; baseline 0.009 -30"><span class='ocrx_word' id='word_1_30' title='bbox 443 1005 468 1071; x_wconf 91' lang='lat'>0</span> <span class='ocrx_word' id='word_1_31' title='bbox 495 1015 555 1076; x_wconf 82' lang='lat'>139</span> <span class='ocrx_word' id='word_1_32' title='bbox 580 1009 638 1097; x_wconf 77' lang='grc' dir='ltr'>ἤδη</span> <span class='ocrx_word' id='word_1_33' title='bbox 661 1009 718 1096; x_wconf 72' lang='grc' dir='ltr'>γάρ</span> <span class='ocrx_word' id='word_1_34' title='bbox 743 1036 784 1085; x_wconf 86' lang='grc' dir='ltr'>τις</span> <span class='ocrx_word' id='word_1_35' title='bbox 807 1023 856 1076; x_wconf 78' lang='grc' dir='ltr'>τοῦ</span> <span class='ocrx_word' id='word_1_36' title='bbox 878 1036 911 1092; x_wconf 74' lang='grc' dir='ltr'>γε</span> <span class='ocrx_word' id='word_1_37' title='bbox 940 1011 1004 1101; x_wconf 80' lang='grc' dir='ltr'>βίην</span> <span class='ocrx_word' id='word_1_38' title='bbox 1025 1017 1079 1076; x_wconf 77' lang='grc' dir='ltr'>καὶ</span> <span class='ocrx_word' id='word_1_39' title='bbox 1100 1025 1207 1100; x_wconf 83' lang='grc' dir='ltr'>χεῖρας</span> <span class='ocrx_word' id='word_1_40' title='bbox 1230 1014 1352 1101; x_wconf 79' lang='grc' dir='ltr'>ἀμείνων</span> 
     </span>
     <span class='ocr_line' id='line_1_7' title="bbox 238 1112 1517 1206; baseline 0.007 -29"><span class='ocrx_word' id='word_1_41' title='bbox 238 1112 290 1195; x_wconf 84' lang='lat' dir='ltr'>(cf.</span> <span class='ocrx_word' id='word_1_42' title='bbox 315 1113 345 1177; x_wconf 92' lang='lat' dir='ltr'><strong>A</strong></span> <span class='ocrx_word' id='word_1_43' title='bbox 369 1118 432 1182; x_wconf 78' lang='lat'>404</span> <span class='ocrx_word' id='word_1_44' title='bbox 462 1116 511 1199; x_wconf 76' lang='grc' dir='ltr'>βίῃ</span> <span class='ocrx_word' id='word_1_45' title='bbox 536 1115 685 1202; x_wconf 81' lang='grc' dir='ltr'>ἀμείνων),</span> <span class='ocrx_word' id='word_1_46' title='bbox 719 1121 780 1186; x_wconf 89' lang='lat' dir='ltr'>nisi</span> <span class='ocrx_word' id='word_1_47' title='bbox 810 1122 896 1206; x_wconf 91' lang='lat' dir='ltr'>quod</span> <span class='ocrx_word' id='word_1_48' title='bbox 925 1121 957 1186; x_wconf 92' lang='lat' dir='ltr'>in</span> <span class='ocrx_word' id='word_1_49' title='bbox 990 1123 1052 1188; x_wconf 89' lang='lat' dir='ltr'>hoc</span> <span class='ocrx_word' id='word_1_50' title='bbox 1082 1127 1179 1204; x_wconf 73' lang='lat' dir='ltr'>potita</span> <span class='ocrx_word' id='word_1_51' title='bbox 1208 1118 1347 1188; x_wconf 80' lang='lat' dir='ltr'>ionicam</span> <span class='ocrx_word' id='word_1_52' title='bbox 1382 1122 1517 1188; x_wconf 83' lang='lat' dir='ltr'>formam</span> 
     </span>
     <span class='ocr_line' id='line_1_8' title="bbox 238 1221 691 1302; baseline 0.02 -19"><span class='ocrx_word' id='word_1_53' title='bbox 238 1221 389 1302; x_wconf 80' lang='lat' dir='ltr'>reperias.</span> <span class='ocrx_word' id='word_1_54' title='bbox 413 1223 446 1287; x_wconf 94' lang='lat' dir='ltr'>in</span> <span class='ocrx_word' id='word_1_55' title='bbox 469 1224 526 1288; x_wconf 90' lang='lat' dir='ltr'>illo</span> <span class='ocrx_word' id='word_1_56' title='bbox 551 1226 691 1294; x_wconf 88' lang='lat' dir='ltr'>atticam.</span> 
     </span>
    </p>
   </div>
   <div class='ocr_carea' id='block_1_4' title="bbox 237 1367 1517 1886">
    <p class='ocr_par' dir='ltr' id='par_1_4' title="bbox 237 1367 1517 1886">
     <span class='ocr_line' id='line_1_9' title="bbox 347 1367 1516 1456; baseline 0.003 -25"><span class='ocrx_word' id='word_1_57' title='bbox 347 1369 397 1432; x_wconf 86' lang='lat'>28.</span> <span class='ocrx_word' id='word_1_58' title='bbox 422 1367 568 1454; x_wconf 88' lang='lat' dir='ltr'>Denique</span> <span class='ocrx_word' id='word_1_59' title='bbox 593 1375 624 1434; x_wconf 90' lang='lat' dir='ltr'>et</span> <span class='ocrx_word' id='word_1_60' title='bbox 647 1371 844 1438; x_wconf 84' lang='lat' dir='ltr'>Execestidis</span> <span class='ocrx_word' id='word_1_61' title='bbox 868 1374 953 1438; x_wconf 91' lang='lat' dir='ltr'>filius</span> <span class='ocrx_word' id='word_1_62' title='bbox 976 1374 1009 1438; x_wconf 94' lang='lat' dir='ltr'>in</span> <span class='ocrx_word' id='word_1_63' title='bbox 1033 1374 1255 1456; x_wconf 87' lang='lat' dir='ltr'>prioreparte</span> <span class='ocrx_word' id='word_1_64' title='bbox 1278 1371 1316 1440; x_wconf 89' lang='lat' dir='ltr'>fr.</span> <span class='ocrx_word' id='word_1_65' title='bbox 1335 1369 1378 1435; x_wconf 84' lang='lat'>38</span> <span class='ocrx_word' id='word_1_66' title='bbox 1395 1369 1516 1454; x_wconf 84' lang='lat' dir='ltr'>v.4sq.</span> 
     </span>
     <span class='ocr_line' id='line_1_10' title="bbox 494 1473 1260 1566; baseline 0.004 -27"><span class='ocrx_word' id='word_1_67' title='bbox 494 1486 530 1560; x_wconf 72' lang='grc' dir='ltr'>γῆ</span> <span class='ocrx_word' id='word_1_68' title='bbox 557 1473 560 1562; x_wconf 90' lang='grc' dir='ltr'>Ι</span> <span class='ocrx_word' id='word_1_69' title='bbox 586 1481 665 1562; x_wconf 79' lang='grc' dir='ltr'>’ρέρει</span> <span class='ocrx_word' id='word_1_70' title='bbox 689 1479 822 1563; x_wconf 78' lang='grc' dir='ltr'>ρὲλαινιι,</span> <span class='ocrx_word' id='word_1_71' title='bbox 846 1485 940 1543; x_wconf 81' lang='grc' dir='ltr'>πάντα</span> <span class='ocrx_word' id='word_1_72' title='bbox 963 1475 988 1542; x_wconf 79' lang='grc' dir='ltr'>δ’</span> <span class='ocrx_word' id='word_1_73' title='bbox 1013 1476 1155 1566; x_wconf 68' lang='grc' dir='ltr'>ἀφθόνως</span> <span class='ocrx_word' id='word_1_74' title='bbox 1178 1483 1260 1562; x_wconf 72' lang='lat' dir='ltr'>cispa</span> 
     </span>
     <span class='ocr_line' id='line_1_11' title="bbox 237 1580 1161 1669; baseline 0.009 -27"><span class='ocrx_word' id='word_1_75' title='bbox 237 1583 340 1644; x_wconf 89' lang='lat' dir='ltr'>atram</span> <span class='ocrx_word' id='word_1_76' title='bbox 365 1580 445 1647; x_wconf 87' lang='lat' dir='ltr'>dixit</span> <span class='ocrx_word' id='word_1_77' title='bbox 468 1586 586 1647; x_wconf 89' lang='lat' dir='ltr'>terram</span> <span class='ocrx_word' id='word_1_78' title='bbox 611 1585 721 1669; x_wconf 82' lang='lat' dir='ltr'>fruges</span> <span class='ocrx_word' id='word_1_79' title='bbox 744 1585 839 1656; x_wconf 83' lang='lat' dir='ltr'>ferre.</span> <span class='ocrx_word' id='word_1_80' title='bbox 864 1593 896 1652; x_wconf 93' lang='lat' dir='ltr'>et</span> <span class='ocrx_word' id='word_1_81' title='bbox 918 1587 1105 1652; x_wconf 77' lang='lat' dir='ltr'>Maeonides</span> <span class='ocrx_word' id='word_1_82' title='bbox 1128 1587 1161 1651; x_wconf 91' lang='lat' dir='ltr'>in</span> 
     </span>
     <span class='ocr_line' id='line_1_12' title="bbox 366 1684 1340 1778; baseline 0.012 -30"><span class='ocrx_word' id='word_1_83' title='bbox 366 1708 381 1748; x_wconf 85' lang='grc' dir='ltr'><strong>τ</strong></span> <span class='ocrx_word' id='word_1_84' title='bbox 408 1692 474 1756; x_wconf 86' lang='grc'><strong>111.</strong></span> <span class='ocrx_word' id='word_1_85' title='bbox 493 1684 622 1762; x_wconf 76' lang='grc' dir='ltr'>εὐδικίας</span> <span class='ocrx_word' id='word_1_86' title='bbox 644 1689 781 1777; x_wconf 78' lang='grc' dir='ltr'><strong>ἀνέχῃσι,</strong></span> <span class='ocrx_word' id='word_1_87' title='bbox 805 1697 911 1778; x_wconf 74' lang='grc' dir='ltr'>φέρῃσι</span> <span class='ocrx_word' id='word_1_88' title='bbox 933 1693 966 1757; x_wconf 83' lang='grc' dir='ltr'>δὲ</span> <span class='ocrx_word' id='word_1_89' title='bbox 988 1703 1060 1774; x_wconf 71' lang='grc' dir='ltr'>γαῖα</span> <span class='ocrx_word' id='word_1_90' title='bbox 1084 1695 1208 1778; x_wconf 74' lang='grc' dir='ltr'>μέλαινα</span> <span class='ocrx_word' id='word_1_91' title='bbox 1235 1749 1240 1760; x_wconf 86' lang='grc'><strong>.</strong></span> <span class='ocrx_word' id='word_1_92' title='bbox 1269 1751 1273 1760; x_wconf 94' lang='grc'>.</span> <span class='ocrx_word' id='word_1_93' title='bbox 1302 1751 1307 1761; x_wconf 92' lang='grc'><strong>.</strong></span> <span class='ocrx_word' id='word_1_94' title='bbox 1335 1750 1340 1760; x_wconf 92' lang='grc'><em>.</em></span> 
     </span>
     <span class='ocr_line' id='line_1_13' title="bbox 238 1793 1517 1886; baseline 0.002 -28"><span class='ocrx_word' id='word_1_95' title='bbox 238 1793 384 1859; x_wconf 80' lang='lat' dir='ltr'>Ceterum</span> <span class='ocrx_word' id='word_1_96' title='bbox 416 1818 507 1860; x_wconf 89' lang='lat' dir='ltr'>usum</span> <span class='ocrx_word' id='word_1_97' title='bbox 538 1798 710 1866; x_wconf 89' lang='lat' dir='ltr'>locutionis</span> <span class='ocrx_word' id='word_1_98' title='bbox 740 1808 809 1880; x_wconf 76' lang='grc' dir='ltr'>γαῖα</span> <span class='ocrx_word' id='word_1_99' title='bbox 842 1802 968 1886; x_wconf 80' lang='grc' dir='ltr'>μέλαινα</span> <span class='ocrx_word' id='word_1_100' title='bbox 997 1802 1116 1884; x_wconf 89' lang='lat' dir='ltr'>septies</span> <span class='ocrx_word' id='word_1_101' title='bbox 1146 1800 1292 1866; x_wconf 89' lang='lat' dir='ltr'>invenias</span> <span class='ocrx_word' id='word_1_102' title='bbox 1319 1800 1405 1882; x_wconf 90' lang='lat' dir='ltr'>apud</span> <span class='ocrx_word' id='word_1_103' title='bbox 1433 1799 1517 1862; x_wconf 89' lang='lat' dir='ltr'>hunc</span> 
     </span>
    </p>
   </div>
   <div class='ocr_carea' id='block_1_5' title="bbox 236 1901 1517 2092">
    <p class='ocr_par' dir='ltr' id='par_1_5' title="bbox 236 1901 1517 2092">
     <span class='ocr_line' id='line_1_14' title="bbox 237 1901 1517 1992; baseline 0.002 -28"><span class='ocrx_word' id='word_1_104' title='bbox 237 1901 371 1982; x_wconf 86' lang='lat' dir='ltr'>epicum.</span> <span class='ocrx_word' id='word_1_105' title='bbox 413 1901 612 1988; x_wconf 80' lang='lat' dir='ltr'>Quamquam</span> <span class='ocrx_word' id='word_1_106' title='bbox 630 1906 771 1972; x_wconf 86' lang='lat' dir='ltr'>eiusdem</span> <span class='ocrx_word' id='word_1_107' title='bbox 787 1929 898 1973; x_wconf 83' lang='lat' dir='ltr'>versus</span> <span class='ocrx_word' id='word_1_108' title='bbox 915 1907 1043 1974; x_wconf 79' lang='lat' dir='ltr'>Solonis</span> <span class='ocrx_word' id='word_1_109' title='bbox 1060 1909 1204 1973; x_wconf 90' lang='lat' dir='ltr'>clausula</span> <span class='ocrx_word' id='word_1_110' title='bbox 1221 1911 1327 1992; x_wconf 77' lang='grc' dir='ltr'>(πάντα</span> <span class='ocrx_word' id='word_1_111' title='bbox 1339 1902 1365 1966; x_wconf 76' lang='grc' dir='ltr'>δ’</span> <span class='ocrx_word' id='word_1_112' title='bbox 1377 1903 1517 1991; x_wconf 70' lang='grc' dir='ltr'>ἀφθόνως</span> 
     </span>
     <span class='ocr_line' id='line_1_15' title="bbox 236 2009 727 2092; baseline 0.012 -22"><span class='ocrx_word' id='word_1_113' title='bbox 236 2011 330 2092; x_wconf 77' lang='grc' dir='ltr'>πάρα)</span> <span class='ocrx_word' id='word_1_114' title='bbox 353 2009 516 2074; x_wconf 87' lang='lat' dir='ltr'>simillima</span> <span class='ocrx_word' id='word_1_115' title='bbox 540 2018 589 2074; x_wconf 86' lang='lat' dir='ltr'>est</span> <span class='ocrx_word' id='word_1_116' title='bbox 612 2010 727 2076; x_wconf 91' lang='lat' dir='ltr'>horum</span> 
     </span>
    </p>
   </div>
   <div class='ocr_carea' id='block_1_6' title="bbox 236 2113 1517 3042">
    <p class='ocr_par' dir='ltr' id='par_1_6' title="bbox 236 2113 1517 3042">
     <span class='ocr_line' id='line_1_16' title="bbox 352 2113 1381 2207; baseline -0.002 -26"><span class='ocrx_word' id='word_1_117' title='bbox 352 2118 383 2184; x_wconf 88' lang='lat' dir='ltr'>h.</span> <span class='ocrx_word' id='word_1_118' title='bbox 409 2121 476 2194; x_wconf 79' lang='lat' dir='ltr'>29,s</span> <span class='ocrx_word' id='word_1_119' title='bbox 503 2113 641 2202; x_wconf 74' lang='grc' dir='ltr'>πρόφρων</span> <span class='ocrx_word' id='word_1_120' title='bbox 664 2115 810 2204; x_wconf 68' lang='grc' dir='ltr'>τιμήσῃς·</span> <span class='ocrx_word' id='word_1_121' title='bbox 836 2132 876 2202; x_wconf 78' lang='grc' dir='ltr'>τῷ</span> <span class='ocrx_word' id='word_1_122' title='bbox 900 2120 925 2182; x_wconf 84' lang='grc' dir='ltr'>δ’</span> <span class='ocrx_word' id='word_1_123' title='bbox 949 2119 1070 2207; x_wconf 78' lang='grc' dir='ltr'>ἄφθονα</span> <span class='ocrx_word' id='word_1_124' title='bbox 1130 2125 1222 2183; x_wconf 78' lang='grc' dir='ltr'>πάντα</span> <span class='ocrx_word' id='word_1_125' title='bbox 1245 2117 1381 2202; x_wconf 69' lang='grc' dir='ltr'>πάρεστιν</span> 
     </span>
     <span class='ocr_line' id='line_1_17' title="bbox 430 2223 1320 2310; baseline 0 -23"><span class='ocrx_word' id='word_1_126' title='bbox 430 2224 499 2306; x_wconf 87' lang='lat' dir='ltr'>(ubi</span> <span class='ocrx_word' id='word_1_127' title='bbox 521 2247 689 2306; x_wconf 83' lang='lat' dir='ltr'>perperam</span> <span class='ocrx_word' id='word_1_128' title='bbox 714 2227 782 2295; x_wconf 83' lang='lat' dir='ltr'>cod.</span> <span class='ocrx_word' id='word_1_129' title='bbox 808 2225 833 2288; x_wconf 89' lang='lat' dir='ltr'>E</span> <span class='ocrx_word' id='word_1_130' title='bbox 856 2249 910 2310; x_wconf 80' lang='grc' dir='ltr'>περ</span> <span class='ocrx_word' id='word_1_131' title='bbox 935 2224 1003 2300; x_wconf 81' lang='grc' dir='ltr'>ἐστι,</span> <span class='ocrx_word' id='word_1_132' title='bbox 1028 2229 1096 2303; x_wconf 86' lang='lat' dir='ltr'>¹cod.</span> <span class='ocrx_word' id='word_1_133' title='bbox 1121 2228 1150 2292; x_wconf 93' lang='lat' dir='ltr'>D</span> <span class='ocrx_word' id='word_1_134' title='bbox 1173 2231 1227 2310; x_wconf 78' lang='grc' dir='ltr'>πέρ</span> <span class='ocrx_word' id='word_1_135' title='bbox 1250 2223 1320 2308; x_wconf 78' lang='grc' dir='ltr'>ἐστι)</span> 
     </span>
     <span class='ocr_line' id='line_1_18' title="bbox 236 2328 1394 2420; baseline 0.003 -29"><span class='ocrx_word' id='word_1_136' title='bbox 236 2328 478 2416; x_wconf 58' lang='lat' dir='ltr'>adplausu</span> <span class='ocrx_word' id='word_1_137' title='bbox 502 2333 619 2417; x_wconf 73' lang='grc' dir='ltr'>σφάζειν</span> <span class='ocrx_word' id='word_1_138' title='bbox 647 2328 703 2396; x_wconf 79' lang='grc' dir='ltr'>αἰεὶ</span> <span class='ocrx_word' id='word_1_139' title='bbox 731 2334 834 2420; x_wconf 77' lang='grc' dir='ltr'>μῆλα·</span> <span class='ocrx_word' id='word_1_140' title='bbox 859 2339 895 2398; x_wconf 83' lang='grc' dir='ltr'>τὰ</span> <span class='ocrx_word' id='word_1_141' title='bbox 923 2333 949 2396; x_wconf 81' lang='grc' dir='ltr'>δ’</span> <span class='ocrx_word' id='word_1_142' title='bbox 979 2332 1100 2420; x_wconf 74' lang='grc' dir='ltr'>ἄφθονα</span> <span class='ocrx_word' id='word_1_143' title='bbox 1127 2337 1221 2396; x_wconf 81' lang='grc' dir='ltr'>πάντα</span> <span class='ocrx_word' id='word_1_144' title='bbox 1243 2339 1394 2417; x_wconf 75' lang='grc' dir='ltr'>παρέσται,</span> 
     </span>
     <span class='ocr_line' id='line_1_19' title="bbox 237 2436 1517 2527; baseline 0.003 -27"><span class='ocrx_word' id='word_1_145' title='bbox 237 2436 342 2511; x_wconf 76' lang='lat' dir='ltr'>Quid?</span> <span class='ocrx_word' id='word_1_146' title='bbox 376 2439 462 2522; x_wconf 93' lang='lat' dir='ltr'>quod</span> <span class='ocrx_word' id='word_1_147' title='bbox 492 2438 652 2505; x_wconf 89' lang='lat' dir='ltr'>Homerus</span> <span class='ocrx_word' id='word_1_148' title='bbox 679 2445 846 2523; x_wconf 87' lang='lat' dir='ltr'>praeterea</span> <span class='ocrx_word' id='word_1_149' title='bbox 874 2447 976 2508; x_wconf 87' lang='lat' dir='ltr'>sexies</span> <span class='ocrx_word' id='word_1_150' title='bbox 1007 2443 1087 2508; x_wconf 81' lang='lat' dir='ltr'>dixit</span> <span class='ocrx_word' id='word_1_151' title='bbox 1116 2446 1197 2527; x_wconf 85' lang='grc' dir='ltr'>πάρα</span> <span class='ocrx_word' id='word_1_152' title='bbox 1226 2464 1285 2525; x_wconf 91' lang='lat' dir='ltr'>pro</span> <span class='ocrx_word' id='word_1_153' title='bbox 1308 2445 1452 2523; x_wconf 76' lang='grc' dir='ltr'>πάρεστιν,</span> <span class='ocrx_word' id='word_1_154' title='bbox 1482 2447 1517 2504; x_wconf 90' lang='lat' dir='ltr'>ut</span> 
     </span>
     <span class='ocr_line' id='line_1_20' title="bbox 237 2541 1306 2631; baseline 0.006 -23"><span class='ocrx_word' id='word_1_155' title='bbox 237 2541 248 2605; x_wconf 93' lang='lat' dir='ltr'>l</span> <span class='ocrx_word' id='word_1_156' title='bbox 275 2548 346 2613; x_wconf 62' lang='lat'>223.</span> <span class='ocrx_word' id='word_1_157' title='bbox 396 2545 509 2631; x_wconf 90' lang='lat' dir='ltr'>Neque</span> <span class='ocrx_word' id='word_1_158' title='bbox 533 2548 639 2612; x_wconf 89' lang='lat' dir='ltr'>minus</span> <span class='ocrx_word' id='word_1_159' title='bbox 663 2570 744 2630; x_wconf 90' lang='lat' dir='ltr'>opus</span> <span class='ocrx_word' id='word_1_160' title='bbox 768 2554 817 2614; x_wconf 87' lang='lat' dir='ltr'>est</span> <span class='ocrx_word' id='word_1_161' title='bbox 841 2550 986 2614; x_wconf 82' lang='lat' dir='ltr'>conferre</span> <span class='ocrx_word' id='word_1_162' title='bbox 1010 2550 1042 2616; x_wconf 88' lang='lat' dir='ltr'>h.</span> <span class='ocrx_word' id='word_1_163' title='bbox 1067 2549 1162 2616; x_wconf 84' lang='lat' dir='ltr'>Mero.</span> <span class='ocrx_word' id='word_1_164' title='bbox 1187 2573 1216 2617; x_wconf 87' lang='lat' dir='ltr'>v.</span> <span class='ocrx_word' id='word_1_165' title='bbox 1242 2553 1306 2614; x_wconf 79' lang='lat'>448</span> 
     </span>
     <span class='ocr_line' id='line_1_21' title="bbox 503 2653 1390 2740; baseline 0.009 -26"><span class='ocrx_word' id='word_1_166' title='bbox 503 2656 546 2725; x_wconf 87' lang='grc' dir='ltr'>τίς</span> <span class='ocrx_word' id='word_1_167' title='bbox 568 2655 681 2737; x_wconf 54' lang='grc' dir='ltr'>τρίβος</span> <span class='ocrx_word' id='word_1_168' title='bbox 707 2653 854 2738; x_wconf 78' lang='grc' dir='ltr'>ἀτρεκέως</span> <span class='ocrx_word' id='word_1_169' title='bbox 876 2659 932 2739; x_wconf 74' lang='grc' dir='ltr'>γὰρ</span> <span class='ocrx_word' id='word_1_170' title='bbox 957 2653 1022 2740; x_wconf 80' lang='grc' dir='ltr'>ἅμα</span> <span class='ocrx_word' id='word_1_171' title='bbox 1045 2659 1110 2739; x_wconf 86' lang='grc' dir='ltr'>τρία</span> <span class='ocrx_word' id='word_1_172' title='bbox 1132 2653 1225 2717; x_wconf 70' lang='grc' dir='ltr'>πάντα</span> <span class='ocrx_word' id='word_1_173' title='bbox 1248 2659 1390 2738; x_wconf 76' lang='grc' dir='ltr'>πάρεστιν.</span> 
     </span>
     <span class='ocr_line' id='line_1_22' title="bbox 236 2759 1516 2847; baseline 0.001 -25"><span class='ocrx_word' id='word_1_174' title='bbox 236 2759 435 2840; x_wconf 82' lang='lat' dir='ltr'>Comparatis</span> <span class='ocrx_word' id='word_1_175' title='bbox 470 2761 570 2844; x_wconf 84' lang='lat' dir='ltr'>igitur</span> <span class='ocrx_word' id='word_1_176' title='bbox 604 2761 655 2826; x_wconf 88' lang='lat' dir='ltr'>his</span> <span class='ocrx_word' id='word_1_177' title='bbox 690 2762 883 2847; x_wconf 82' lang='lat' dir='ltr'>hymnorum</span> <span class='ocrx_word' id='word_1_178' title='bbox 918 2763 1063 2827; x_wconf 88' lang='lat' dir='ltr'>versibus</span> <span class='ocrx_word' id='word_1_179' title='bbox 1098 2763 1248 2826; x_wconf 84' lang='lat' dir='ltr'>Solonem</span> <span class='ocrx_word' id='word_1_180' title='bbox 1288 2762 1382 2828; x_wconf 88' lang='lat' dir='ltr'>metri</span> <span class='ocrx_word' id='word_1_181' title='bbox 1422 2783 1516 2826; x_wconf 89' lang='lat' dir='ltr'>causa</span> 
     </span>
     <span class='ocr_line' id='line_1_23' title="bbox 236 2864 1516 2952; baseline 0.001 -23"><span class='ocrx_word' id='word_1_182' title='bbox 236 2867 268 2929; x_wconf 91' lang='lat' dir='ltr'>in</span> <span class='ocrx_word' id='word_1_183' title='bbox 302 2871 443 2931; x_wconf 85' lang='lat' dir='ltr'>extremo</span> <span class='ocrx_word' id='word_1_184' title='bbox 479 2890 572 2932; x_wconf 87' lang='lat' dir='ltr'>versu</span> <span class='ocrx_word' id='word_1_185' title='bbox 605 2891 664 2950; x_wconf 91' lang='lat' dir='ltr'>pro</span> <span class='ocrx_word' id='word_1_186' title='bbox 697 2864 817 2952; x_wconf 78' lang='grc' dir='ltr'>πάρεστι</span> <span class='ocrx_word' id='word_1_187' title='bbox 852 2869 1027 2934; x_wconf 88' lang='lat' dir='ltr'>breviorem</span> <span class='ocrx_word' id='word_1_188' title='bbox 1061 2869 1196 2933; x_wconf 81' lang='lat' dir='ltr'>sormam</span> <span class='ocrx_word' id='word_1_189' title='bbox 1228 2872 1313 2952; x_wconf 82' lang='grc' dir='ltr'>πάρα</span> <span class='ocrx_word' id='word_1_190' title='bbox 1345 2889 1516 2950; x_wconf 84' lang='lat' dir='ltr'>usurpasse</span> 
     </span>
     <span class='ocr_line' id='line_1_24' title="bbox 237 2995 404 3042; baseline 0.03 -6"><span class='ocrx_word' id='word_1_191' title='bbox 237 2995 404 3042; x_wconf 78' lang='lat' dir='ltr'>ceraunus,</span> 
     </span>
    </p>
   </div>
   <div class='ocr_carea' id='block_1_7' title="bbox 287 3189 1469 3434">
    <p class='ocr_par' dir='ltr' id='par_1_7' title="bbox 287 3189 1469 3434">
     <span class='ocr_line' id='line_1_25' title="bbox 793 3189 960 3272; baseline 0.006 -17"><span class='ocrx_word' id='word_1_192' title='bbox 793 3189 875 3272; x_wconf 73' lang='lat' dir='ltr'>(lap.</span> <span class='ocrx_word' id='word_1_193' title='bbox 899 3190 960 3256; x_wconf 81' lang='lat' dir='ltr'>lv.</span> 
     </span>
     <span class='ocr_line' id='line_1_26' title="bbox 287 3349 1469 3434; baseline 0.002 -21"><span class='ocrx_word' id='word_1_194' title='bbox 287 3350 340 3414; x_wconf 83' lang='lat' dir='ltr'>De</span> <span class='ocrx_word' id='word_1_195' title='bbox 363 3349 453 3416; x_wconf 87' lang='lat' dir='ltr'>locis</span> <span class='ocrx_word' id='word_1_196' title='bbox 477 3351 662 3431; x_wconf 84' lang='lat' dir='ltr'>aliquanto</span> <span class='ocrx_word' id='word_1_197' title='bbox 686 3352 767 3434; x_wconf 90' lang='lat' dir='ltr'>plns</span> <span class='ocrx_word' id='word_1_198' title='bbox 791 3353 834 3417; x_wconf 87' lang='lat' dir='ltr'>ab</span> <span class='ocrx_word' id='word_1_199' title='bbox 857 3351 1060 3418; x_wconf 75' lang='lat' dir='ltr'>Homericis</span> <span class='ocrx_word' id='word_1_200' title='bbox 1083 3349 1334 3416; x_wconf 80' lang='lat' dir='ltr'>differentibus</span> <span class='ocrx_word' id='word_1_201' title='bbox 1358 3349 1469 3430; x_wconf 85' lang='lat' dir='ltr'>deque</span> 
     </span>
    </p>
   </div>
   <div class='ocr_carea' id='block_1_8' title="bbox 554 3492 1198 3560">
    <p class='ocr_par' dir='ltr' id='par_1_8' title="bbox 554 3492 1198 3560">
     <span class='ocr_line' id='line_1_27' title="bbox 554 3492 1198 3560; baseline -0.003 -2"><span class='ocrx_word' id='word_1_202' title='bbox 554 3493 820 3560; x_wconf 80' lang='lat' dir='ltr'>imitationibus</span> <span class='ocrx_word' id='word_1_203' title='bbox 844 3493 991 3560; x_wconf 83' lang='lat' dir='ltr'>levioris</span> <span class='ocrx_word' id='word_1_204' title='bbox 1015 3492 1198 3558; x_wconf 81' lang='lat' dir='ltr'>momenti.</span> 
     </span>
    </p>
   </div>
   <div class='ocr_carea' id='block_1_9' title="bbox 234 3671 1518 4829">
    <p class='ocr_par' dir='ltr' id='par_1_9' title="bbox 234 3671 1518 4829">
     <span class='ocr_line' id='line_1_28' title="bbox 343 3671 1516 3756; baseline -0.003 -19"><span class='ocrx_word' id='word_1_205' title='bbox 343 3673 550 3738; x_wconf 87' lang='lat' dir='ltr'>Pervenimus</span> <span class='ocrx_word' id='word_1_206' title='bbox 582 3674 645 3738; x_wconf 84' lang='lat' dir='ltr'>ianr</span> <span class='ocrx_word' id='word_1_207' title='bbox 674 3675 713 3738; x_wconf 89' lang='lat' dir='ltr'>ad</span> <span class='ocrx_word' id='word_1_208' title='bbox 744 3673 875 3738; x_wconf 87' lang='lat' dir='ltr'>tertium</span> <span class='ocrx_word' id='word_1_209' title='bbox 900 3671 1089 3736; x_wconf 78' lang='lat' dir='ltr'>imitationis</span> <span class='ocrx_word' id='word_1_210' title='bbox 1113 3693 1225 3756; x_wconf 84' lang='lat' dir='ltr'>genus.</span> <span class='ocrx_word' id='word_1_211' title='bbox 1274 3671 1410 3756; x_wconf 75' lang='lat' dir='ltr'>Aliquot</span> <span class='ocrx_word' id='word_1_212' title='bbox 1433 3672 1516 3736; x_wconf 92' lang='lat' dir='ltr'>enim</span> 
     </span>
     <span class='ocr_line' id='line_1_29' title="bbox 235 3778 1516 3864; baseline -0.002 -20"><span class='ocrx_word' id='word_1_213' title='bbox 235 3803 346 3845; x_wconf 88' lang='lat' dir='ltr'>versus</span> <span class='ocrx_word' id='word_1_214' title='bbox 375 3780 422 3844; x_wconf 89' lang='lat' dir='ltr'>ita</span> <span class='ocrx_word' id='word_1_215' title='bbox 450 3803 470 3844; x_wconf 90' lang='lat' dir='ltr'>a</span> <span class='ocrx_word' id='word_1_216' title='bbox 492 3778 612 3845; x_wconf 85' lang='lat' dir='ltr'>Solone</span> <span class='ocrx_word' id='word_1_217' title='bbox 642 3781 762 3845; x_wconf 91' lang='lat' dir='ltr'>conditi</span> <span class='ocrx_word' id='word_1_218' title='bbox 792 3780 950 3858; x_wconf 81' lang='lat' dir='ltr'>videntur,</span> <span class='ocrx_word' id='word_1_219' title='bbox 983 3783 1020 3844; x_wconf 90' lang='lat' dir='ltr'>ut</span> <span class='ocrx_word' id='word_1_220' title='bbox 1050 3779 1123 3844; x_wconf 87' lang='lat' dir='ltr'>fons</span> <span class='ocrx_word' id='word_1_221' title='bbox 1154 3784 1251 3864; x_wconf 89' lang='lat' dir='ltr'>atque</span> <span class='ocrx_word' id='word_1_222' title='bbox 1283 3779 1374 3863; x_wconf 81' lang='lat' dir='ltr'>origo</span> <span class='ocrx_word' id='word_1_223' title='bbox 1407 3801 1516 3842; x_wconf 90' lang='lat' dir='ltr'>eorum</span> 
     </span>
     <span class='ocr_line' id='line_1_30' title="bbox 235 3885 1516 3972; baseline -0.002 -21"><span class='ocrx_word' id='word_1_224' title='bbox 235 3889 402 3972; x_wconf 87' lang='lat' dir='ltr'>aliquanto</span> <span class='ocrx_word' id='word_1_225' title='bbox 430 3885 584 3952; x_wconf 75' lang='lat' dir='ltr'>remotior</span> <span class='ocrx_word' id='word_1_226' title='bbox 611 3888 663 3965; x_wconf 85' lang='lat' dir='ltr'>sit,</span> <span class='ocrx_word' id='word_1_227' title='bbox 698 3892 817 3966; x_wconf 88' lang='lat' dir='ltr'>tamen,</span> <span class='ocrx_word' id='word_1_228' title='bbox 849 3887 876 3950; x_wconf 90' lang='lat' dir='ltr'>si</span> <span class='ocrx_word' id='word_1_229' title='bbox 903 3887 1084 3952; x_wconf 84' lang='lat' dir='ltr'>accuratius</span> <span class='ocrx_word' id='word_1_230' title='bbox 1111 3885 1323 3971; x_wconf 87' lang='lat' dir='ltr'>inquisiveris‚</span> <span class='ocrx_word' id='word_1_231' title='bbox 1353 3887 1454 3950; x_wconf 88' lang='lat' dir='ltr'>lateat</span> <span class='ocrx_word' id='word_1_232' title='bbox 1483 3886 1516 3948; x_wconf 91' lang='lat' dir='ltr'>in</span> 
     </span>
     <span class='ocr_line' id='line_1_31' title="bbox 235 3991 1518 4077; baseline -0.002 -19"><span class='ocrx_word' id='word_1_233' title='bbox 235 3994 375 4058; x_wconf 84' lang='lat' dir='ltr'>disiectis</span> <span class='ocrx_word' id='word_1_234' title='bbox 399 3991 533 4058; x_wconf 91' lang='lat' dir='ltr'>Homeri</span> <span class='ocrx_word' id='word_1_235' title='bbox 555 3997 739 4074; x_wconf 74' lang='lat' dir='ltr'>poimatum</span> <span class='ocrx_word' id='word_1_236' title='bbox 763 3993 924 4072; x_wconf 83' lang='lat' dir='ltr'>membris,</span> <span class='ocrx_word' id='word_1_237' title='bbox 950 4015 1032 4077; x_wconf 90' lang='lat' dir='ltr'>quae</span> <span class='ocrx_word' id='word_1_238' title='bbox 1055 3993 1154 4057; x_wconf 82' lang='lat' dir='ltr'>Solon</span> <span class='ocrx_word' id='word_1_239' title='bbox 1179 3996 1237 4057; x_wconf 88' lang='lat' dir='ltr'>aut</span> <span class='ocrx_word' id='word_1_240' title='bbox 1252 3992 1366 4058; x_wconf 87' lang='lat' dir='ltr'>leviter</span> <span class='ocrx_word' id='word_1_241' title='bbox 1381 3993 1518 4058; x_wconf 88' lang='lat' dir='ltr'>variavit</span> 
     </span>
     <span class='ocr_line' id='line_1_32' title="bbox 235 4101 1517 4186; baseline 0.001 -21"><span class='ocrx_word' id='word_1_242' title='bbox 235 4106 291 4165; x_wconf 89' lang='lat' dir='ltr'>aut</span> <span class='ocrx_word' id='word_1_243' title='bbox 315 4101 447 4166; x_wconf 89' lang='lat' dir='ltr'>liberius</span> <span class='ocrx_word' id='word_1_244' title='bbox 470 4101 601 4166; x_wconf 83' lang='lat' dir='ltr'>recoxit.</span> <span class='ocrx_word' id='word_1_245' title='bbox 641 4101 780 4186; x_wconf 85' lang='lat' dir='ltr'>Magnae</span> <span class='ocrx_word' id='word_1_246' title='bbox 804 4101 890 4182; x_wconf 89' lang='lat' dir='ltr'>parti</span> <span class='ocrx_word' id='word_1_247' title='bbox 913 4123 990 4166; x_wconf 88' lang='lat' dir='ltr'>sane</span> <span class='ocrx_word' id='word_1_248' title='bbox 1014 4101 1130 4166; x_wconf 92' lang='lat' dir='ltr'>horum</span> <span class='ocrx_word' id='word_1_249' title='bbox 1153 4101 1298 4166; x_wconf 91' lang='lat' dir='ltr'>locorum</span> <span class='ocrx_word' id='word_1_250' title='bbox 1322 4102 1385 4166; x_wconf 89' lang='lat' dir='ltr'>alia</span> <span class='ocrx_word' id='word_1_251' title='bbox 1408 4102 1456 4166; x_wconf 89' lang='lat' dir='ltr'>vis</span> <span class='ocrx_word' id='word_1_252' title='bbox 1480 4125 1517 4166; x_wconf 92' lang='lat' dir='ltr'>ac</span> 
     </span>
     <span class='ocr_line' id='line_1_33' title="bbox 236 4207 1516 4292; baseline 0.001 -20"><span class='ocrx_word' id='word_1_253' title='bbox 236 4208 325 4272; x_wconf 88' lang='lat' dir='ltr'>notio</span> <span class='ocrx_word' id='word_1_254' title='bbox 350 4213 446 4292; x_wconf 83' lang='lat' dir='ltr'>atque</span> <span class='ocrx_word' id='word_1_255' title='bbox 464 4207 644 4272; x_wconf 88' lang='lat' dir='ltr'>Homericis</span> <span class='ocrx_word' id='word_1_256' title='bbox 668 4209 813 4272; x_wconf 87' lang='lat' dir='ltr'>subiecta</span> <span class='ocrx_word' id='word_1_257' title='bbox 837 4213 894 4272; x_wconf 88' lang='lat' dir='ltr'>est.</span> <span class='ocrx_word' id='word_1_258' title='bbox 942 4207 1004 4274; x_wconf 87' lang='lat' dir='ltr'>Sed</span> <span class='ocrx_word' id='word_1_259' title='bbox 1029 4209 1124 4272; x_wconf 90' lang='lat' dir='ltr'>etiam</span> <span class='ocrx_word' id='word_1_260' title='bbox 1149 4231 1202 4273; x_wconf 88' lang='lat' dir='ltr'>eas</span> <span class='ocrx_word' id='word_1_261' title='bbox 1217 4208 1408 4286; x_wconf 86' lang='lat' dir='ltr'>locutiones,</span> <span class='ocrx_word' id='word_1_262' title='bbox 1434 4231 1516 4292; x_wconf 90' lang='lat' dir='ltr'>quae</span> 
     </span>
     <span class='ocr_line' id='line_1_34' title="bbox 235 4314 1516 4401; baseline 0 -22"><span class='ocrx_word' id='word_1_263' title='bbox 235 4317 381 4400; x_wconf 88' lang='lat' dir='ltr'>quamvis</span> <span class='ocrx_word' id='word_1_264' title='bbox 404 4315 486 4380; x_wconf 92' lang='lat' dir='ltr'>nihil</span> <span class='ocrx_word' id='word_1_265' title='bbox 510 4315 706 4380; x_wconf 86' lang='lat' dir='ltr'>abhorreant</span> <span class='ocrx_word' id='word_1_266' title='bbox 730 4319 770 4379; x_wconf 91' lang='lat' dir='ltr'>ab</span> <span class='ocrx_word' id='word_1_267' title='bbox 794 4314 937 4394; x_wconf 81' lang='lat' dir='ltr'>Homeri,</span> <span class='ocrx_word' id='word_1_268' title='bbox 961 4319 1070 4380; x_wconf 91' lang='lat' dir='ltr'>tamen</span> <span class='ocrx_word' id='word_1_269' title='bbox 1095 4315 1224 4381; x_wconf 89' lang='lat' dir='ltr'>viliores</span> <span class='ocrx_word' id='word_1_270' title='bbox 1247 4319 1334 4393; x_wconf 86' lang='lat' dir='ltr'>sunt,</span> <span class='ocrx_word' id='word_1_271' title='bbox 1358 4338 1455 4401; x_wconf 89' lang='lat' dir='ltr'>quam</span> <span class='ocrx_word' id='word_1_272' title='bbox 1479 4320 1516 4379; x_wconf 89' lang='lat' dir='ltr'>ut</span> 
     </span>
     <span class='ocr_line' id='line_1_35' title="bbox 236 4423 1515 4507; baseline 0 -21"><span class='ocrx_word' id='word_1_273' title='bbox 236 4423 331 4505; x_wconf 86' lang='lat' dir='ltr'>capiti</span> <span class='ocrx_word' id='word_1_274' title='bbox 354 4423 396 4490; x_wconf 89' lang='grc' dir='ltr'>Π,</span> <span class='ocrx_word' id='word_1_275' title='bbox 425 4423 618 4498; x_wconf 87' lang='lat' dir='ltr'>inserantur,</span> <span class='ocrx_word' id='word_1_276' title='bbox 650 4446 736 4488; x_wconf 92' lang='lat' dir='ltr'>nunc</span> <span class='ocrx_word' id='word_1_277' title='bbox 765 4423 891 4488; x_wconf 89' lang='lat' dir='ltr'>demum</span> <span class='ocrx_word' id='word_1_278' title='bbox 919 4424 1123 4489; x_wconf 88' lang='lat' dir='ltr'>enumerabo.</span> <span class='ocrx_word' id='word_1_279' title='bbox 1172 4423 1265 4490; x_wconf 88' lang='lat' dir='ltr'>Hanc</span> <span class='ocrx_word' id='word_1_280' title='bbox 1294 4423 1515 4507; x_wconf 85' lang='lat' dir='ltr'>insequentem</span> 
     </span>
     <span class='ocr_line' id='line_1_36' title="bbox 234 4529 1513 4616; baseline 0 -22"><span class='ocrx_word' id='word_1_281' title='bbox 234 4535 358 4612; x_wconf 85' lang='lat' dir='ltr'>partem</span> <span class='ocrx_word' id='word_1_282' title='bbox 382 4529 484 4595; x_wconf 89' lang='lat' dir='ltr'>libelli</span> <span class='ocrx_word' id='word_1_283' title='bbox 507 4530 569 4594; x_wconf 90' lang='lat' dir='ltr'>mei</span> <span class='ocrx_word' id='word_1_284' title='bbox 593 4531 696 4595; x_wconf 87' lang='lat' dir='ltr'>multo</span> <span class='ocrx_word' id='word_1_285' title='bbox 721 4529 874 4595; x_wconf 89' lang='lat' dir='ltr'>maiorem</span> <span class='ocrx_word' id='word_1_286' title='bbox 905 4551 973 4595; x_wconf 91' lang='lat' dir='ltr'>esse</span> <span class='ocrx_word' id='word_1_287' title='bbox 1002 4554 1098 4616; x_wconf 91' lang='lat' dir='ltr'>quam</span> <span class='ocrx_word' id='word_1_288' title='bbox 1127 4531 1161 4596; x_wconf 94' lang='lat' dir='ltr'>in</span> <span class='ocrx_word' id='word_1_289' title='bbox 1192 4530 1297 4614; x_wconf 88' lang='lat' dir='ltr'>capite</span> <span class='ocrx_word' id='word_1_290' title='bbox 1319 4530 1357 4596; x_wconf 94' lang='lat' dir='ltr'>ll.</span> <span class='ocrx_word' id='word_1_291' title='bbox 1382 4530 1434 4595; x_wconf 81' lang='lat' dir='ltr'>vel</span> <span class='ocrx_word' id='word_1_292' title='bbox 1456 4529 1513 4594; x_wconf 86' lang='grc' dir='ltr'>ΠΙ.</span> 
     </span>
     <span class='ocr_line' id='line_1_37' title="bbox 235 4636 1516 4722; baseline -0.001 -21"><span class='ocrx_word' id='word_1_293' title='bbox 235 4637 426 4720; x_wconf 87' lang='lat' dir='ltr'>explicatam</span> <span class='ocrx_word' id='word_1_294' title='bbox 463 4659 556 4702; x_wconf 89' lang='lat' dir='ltr'>nemo</span> <span class='ocrx_word' id='word_1_295' title='bbox 591 4637 662 4716; x_wconf 86' lang='lat' dir='ltr'>erit,</span> <span class='ocrx_word' id='word_1_296' title='bbox 695 4637 749 4722; x_wconf 91' lang='lat' dir='ltr'>qui</span> <span class='ocrx_word' id='word_1_297' title='bbox 783 4636 932 4716; x_wconf 88' lang='lat' dir='ltr'>miretur,</span> <span class='ocrx_word' id='word_1_298' title='bbox 968 4637 994 4701; x_wconf 91' lang='lat' dir='ltr'>si</span> <span class='ocrx_word' id='word_1_299' title='bbox 1030 4638 1223 4702; x_wconf 86' lang='lat' dir='ltr'>concesserit</span> <span class='ocrx_word' id='word_1_300' title='bbox 1257 4637 1291 4701; x_wconf 93' lang='lat' dir='ltr'>in</span> <span class='ocrx_word' id='word_1_301' title='bbox 1326 4637 1388 4701; x_wconf 93' lang='lat' dir='ltr'>hoc</span> <span class='ocrx_word' id='word_1_302' title='bbox 1420 4641 1516 4718; x_wconf 76' lang='lat' dir='ltr'>potita</span> 
     </span>
     <span class='ocr_line' id='line_1_38' title="bbox 234 4744 1354 4829; baseline 0.003 -22"><span class='ocrx_word' id='word_1_303' title='bbox 234 4744 376 4829; x_wconf 85' lang='lat' dir='ltr'>elegiaco</span> <span class='ocrx_word' id='word_1_304' title='bbox 401 4744 534 4812; x_wconf 79' lang='lat' dir='ltr'>infuisse</span> <span class='ocrx_word' id='word_1_305' title='bbox 559 4745 700 4816; x_wconf 80' lang='lat' dir='ltr'>nativam</span> <span class='ocrx_word' id='word_1_306' title='bbox 725 4744 885 4828; x_wconf 88' lang='lat' dir='ltr'>quandam</span> <span class='ocrx_word' id='word_1_307' title='bbox 911 4744 947 4807; x_wconf 92' lang='lat' dir='ltr'>ad</span> <span class='ocrx_word' id='word_1_308' title='bbox 974 4744 1181 4829; x_wconf 83' lang='lat' dir='ltr'>pangendum</span> <span class='ocrx_word' id='word_1_309' title='bbox 1205 4744 1354 4810; x_wconf 88' lang='lat' dir='ltr'>indolem.</span> 
     </span>
    </p>
   </div>
   <div class='ocr_carea' id='block_1_10' title="bbox 0 0 1710 5250">
    <p class='ocr_par' dir='ltr' id='par_1_10' title="bbox 0 0 1710 5250">
     <span class='ocr_line' id='line_1_39' title="bbox 0 0 1710 5250; baseline 0 1"><span class='ocrx_word' id='word_1_310' title='bbox 0 0 1710 5250; x_wconf 95' lang='lat' dir='ltr'> </span> 
     </span>
    </p>
   </div>
  </div>
 </body>
</html>
