3412 5250
661 347 701 358 ..
751 313 791 376 39
840 347 882 357 ...
1430 302 1477 373 lv,
1496 297 1603 362 sed-45

128 503 226 568 tertio
250 525 326 568 vero
357 503 429 568 loco
460 503 581 568 addidit
602 504 797 586 voluptates.
844 501 899 568 Sic
920 504 1004 569 enim
1028 497 1178 576 παιδότθ
1200 502 1254 590 ἠδὲ
1276 503 1413 586 γυναικός

129 609 407 690 interpretandum
442 631 511 673 esse
546 614 632 673 recle
666 610 792 674 monuit
825 608 934 694 Bergk
972 611 1097 674 ratione
1131 611 1243 676 habite
1275 611 1409 676 aliorum

128 714 282 779 similium
306 737 454 779 versuum
478 715 608 778 Solonis
632 719 664 780 et
687 715 894 800 Theognidis,
942 714 1031 791 Quae
1055 739 1126 782 cum
1155 715 1201 780 ita
1224 717 1299 794 sint,
1331 717 1411 780 illud

128 817 209 902 ἁβρὰ
232 821 341 882 παθεῖν
364 821 582 903 praedicatum
613 818 671 883 ἀπὸ
693 829 791 883 κοινοῦ
821 823 961 904 positum
991 842 1059 886 csse
1083 843 1209 902 censeo,
1236 827 1273 888 ut
1302 824 1342 888 ab
1374 847 1411 888 co

129 950 194 990 non
220 927 326 992 solum
348 929 451 1011 γαστρὶ
473 928 536 995 τιτλ.
561 929 734 1010 pendeant,
757 929 813 993 sed
837 929 933 994 etiam
956 925 1062 1000 παιδός
1084 924 1108 990 τ’
1126 925 1180 1015 ἠδὲ
1194 927 1333 1009 γυναικός
1347 932 1410 994 νιτλ.

127 1034 233 1118 Atqui
261 1040 397 1116 apparet
425 1035 475 1100 his
507 1036 616 1100 deesse
645 1035 802 1101 dativum:
834 1059 928 1120 quem
958 1037 1111 1102 facillime
1141 1036 1243 1118 repeti
1272 1059 1366 1119 posse
1395 1059 1412 1101 e

128 1163 208 1206 voce
231 1138 291 1226 ἥβη
314 1141 417 1223 video,
441 1145 478 1206 ut
500 1142 632 1207 tertium
655 1141 697 1206 sit

454 1304 1025 1317 ,,,,,,,,,,,,,,,,,,
1050 1247 1128 1331 ἁβρὰ
1151 1249 1257 1310 παθεῖν

397 1355 501 1427 παιδός
522 1352 546 1416 τ’
568 1351 622 1441 ἠδὲ
645 1353 782 1435 γοναοιός
806 1393 848 1402 -
871 1355 944 1442 ἐπὴν
966 1361 1044 1419 κατὰ
1066 1351 1143 1418 ταῦτ’
1167 1353 1308 1441 ἀφίκηται
1325 1393 1365 1401 -

451 1459 521 1546 ἥβη·

129 1567 261 1631 Mallem
273 1567 417 1650 equidem
434 1567 514 1632 illud
529 1567 633 1639 παιδός
646 1565 668 1630 τ’
680 1566 734 1654 ἠδὲ
745 1573 884 1650 γυναικός
900 1570 939 1634 ad
956 1571 1137 1652 exemplum
1152 1569 1334 1634 Homericir
1350 1575 1410 1635 199

451 1679 558 1745 οὕνεκά.
580 1705 626 1769 μιν
649 1686 700 1746 σὺν
722 1683 801 1746 παιδὶ
824 1681 1018 1770 περισχόμεθ’
1040 1683 1094 1770 ἠδὲ
1116 1687 1231 1766 perurat

130 1799 170 1862 ad
207 1821 315 1862 carum
350 1799 451 1863 filium
487 1805 519 1864 et
549 1800 717 1885 coniugem
750 1801 898 1866 dilectam
932 1801 1044 1866 referri
1078 1822 1186 1882 posse,
1222 1801 1276 1864 sed
1311 1801 1412 1864 satius

130 1905 310 1970 existimavi
345 1907 543 1988 probabilius
578 1913 774 1990 anteponere
809 1908 998 1976 honestiori,
1045 1907 1185 1973 Obstant
1220 1907 1304 1970 enim
1339 1929 1410 1971 cum

130 2013 284 2076 aliatum
310 2036 356 2092 ca,
381 2035 463 2097 quae
487 2036 584 2096 supra
608 2014 648 2078 ad
671 2015 710 2078 fr.
737 2018 801 2080 23⁴
831 2017 863 2096 (p
899 2012 952 2100 25)
977 2015 1232 2080 memoravimus,

239 2194 289 2257 43.
314 2192 447 2256 Locutio
472 2191 579 2254 ἄποινα
601 2191 699 2264 διδοὺς
721 2193 753 2256 in
778 2191 881 2256 medio
906 2216 998 2266 versu
1022 2193 1161 2258 Soloueo
1185 2193 1222 2259 fr.
1240 2191 1282 2255 24
1300 2189 1366 2258 ν,9

398 2303 458 2370 οὐδ’
481 2305 516 2370 ἂν
540 2306 645 2375 ἄποινα
667 2307 765 2380 διδοὺς
787 2305 916 2371 θάνατον
939 2311 1023 2394 μὺηοι
1045 2305 1113 2370 οὐδὲ
1136 2305 1257 2390 βαρείας

134 2429 266 2505 apparet
289 2423 384 2508 idque
408 2447 504 2489 sensu
527 2425 695 2488 translato.
744 2424 905 2489 Homerus
914 2425 1001 2489 illud
1020 2423 1124 2486 ἄποινα
1140 2425 1171 2486 in
1189 2425 1284 2487 finem
1300 2445 1411 2486 versus

135 2531 300 2595 extrudere
324 2532 507 2608 consuevit*
525 2537 562 2596 ut
585 2529 679 2597 1120
702 2528 727 2593 Τ
749 2534 810 2598 138
834 2528 966 2616 (δόμεναι
991 2587 1099 2600 ,,,,,
1125 2527 1253 2610 ἄποινα),
1278 2526 1302 2590 Ω
1327 2525 1409 2614 [594]

135 2635 236 2718 (δῶκεν
260 2690 371 2706 ,,,,,
396 2635 447 2723 ἄ.),
479 2639 519 2702 ib,
548 2641 611 2704 686
635 2637 723 2719 (δοῖεν
748 2690 857 2706 ,,,,,
884 2635 1011 2718 ἄποινα).
1058 2638 1152 2704 Unde
1186 2640 1306 2705 l'acturn
1342 2658 1411 2700 ease

136 2767 257 2824 censeo,
282 2750 318 2809 ut
341 2744 421 2810 illud
444 2767 560 2810 nomen
585 2741 691 2807 ἄποινα
716 2767 787 2810 cum
810 2747 908 2811 verbo
932 2743 1041 2808 διδόναι
1070 2745 1275 2810 coniunctum
1300 2743 1410 2808 Soloni

136 2854 298 2917 commoda
322 2854 459 2918 formula
483 2854 651 2929 videretur,
677 2877 772 2937 qnam
797 2854 906 2918 oblata
930 2855 1097 2918 occasione
1121 2853 1296 2917 adhiberet.

238 3034 291 3096 44.
315 3031 392 3096 Cum
424 3038 545 3116 σήματα
568 3035 675 3118 φαίνειν
699 3033 882 3117 legentibus
905 3031 1038 3097 Homeri
1063 3033 1204 3096 carmina
1228 3069 1269 3076 -
1294 3031 1409 3095 accidit
1468 3056 1506 3118 fr,
1525 3058 1568 3107 27.

133 3143 237 3203 autem
264 3135 954 3224 8353A3811236p413,addasn.
982 3137 1411 3220 6‚4aB308-adpro·

20 3319 21 3336 η
133 3246 218 3331 digia
241 3246 307 3309 aive
331 3249 458 3310 ostenta
482 3251 615 3328 spectet,
641 3251 753 3310 contre
776 3247 862 3328 apud
885 3246 1035 3312 Solonem
1059 3247 1092 3310 in
1116 3251 1154 3314 l'r.
1180 3244 1219 3310 27
1242 3269 1271 3313 v.
1297 3243 1318 3309 4

495 3359 574 3447 ἥβης
596 3358 725 3447 ἐκφαίνει
747 3359 868 3448 σήματα
891 3366 1058 3446 γειναμένης

131 3472 259 3542 ‘indicia
283 3477 430 3545 ineuntis
460 3475 704 3544 adulescentiac'
734 3477 915 3565 significare
945 3477 1150 3542 menifestum
1186 3485 1244 3544 est.
1291 3477 1411 3553 Quodsi

134 3585 231 3648 codex
255 3583 279 3649 Ο
302 3584 433 3649 exhibet
453 3581 499 3646 ‘ht
522 3581 632 3672 petrei,
658 3592 789 3669 apertus
812 3587 939 3672 quidem
964 3607 1053 3650 error
1069 3590 1118 3650 est
1138 3585 1259 3649 librarii
1274 3590 1410 3649 metrum

134 3691 303 3770 turbantia,
327 3693 382 3756 sed
405 3692 480 3758 licet
503 3693 695 3774 particulam
718 3690 743 3755 δ’
765 3717 872 3760 serves
901 3695 935 3758 in
958 3693 1091 3776 apodosi
1113 3689 1200 3780 (ἥβης
1223 3688 1248 3753 δ’
1271 3688 1411 3777 ἐκφαίνει)

20 3849 21 3852 ¹
134 3821 171 3862 ex
193 3822 254 3864 usu
278 3798 390 3864 Graeci
414 3801 570 3866 sermonis
593 3823 658 3866 non
682 3801 728 3866 ita
752 3799 867 3888 raro¹).

239 3979 290 4042 46.
313 3977 453 4064 Egregie
477 3979 658 4045 mehercule
676 3979 783 4066 Bergk
806 3980 869 4044 iem
893 3981 924 4043 in
950 3979 1088 4044 editione
1111 3978 1281 4063 lyricorum
1300 3976 1410 4044 Graec.

136 4085 236 4166 prima
258 4090 429 4151 sanaverat
1083 4101 1084 4107 ’

197 4201 235 4268 fr.
252 4199 291 4265 27
308 4200 376 4267 v.9
398 4205 516 4286 πέμπτη
540 4199 564 4263 δ’
587 4199 676 4286 ὡριόο
700 4201 792 4286 ἄνδρα
815 4207 912 4286 ηάμοο
936 4205 1118 4288 μεμνημένον
1142 4198 1223 4281 εἶναι,

20 4337 21 4384 1
137 4317 189 4380 ubi
212 4317 284 4382 libri
304 4311 405 4400 ‘upton
429 4316 457 4386 ἄ,
482 4317 530 4398 μ’,
554 4319 586 4384 id
610 4320 696 4404 quod
719 4319 939 4403 interpreteris
964 4315 1094 4402 ‘quinta
1117 4317 1331 4404 [hebdomade
1355 4341 1412 4382 an·

138 4423 265 4508 norum]
291 4425 337 4489 vir
361 4430 563 4508 opportunus
586 4427 711 4492 videtur
735 4421 890 4494 conubio'.
937 4423 983 4492 Ac
998 4420 1088 4508 ὥριος
1106 4429 1202 4512 γάμος
1217 4426 1298 4490 idem
1315 4427 1411 4501 valet,

138 4533 219 4614 quod
242 4531 449 4598 Homericum
471 4533 551 4598 illud
575 4531 638 4620 ὥρη
660 4537 757 4620 γάμον
781 4529 808 4618 (ο
835 4537 895 4598 126
919 4531 1106 4618 πολοηράτοο
1130 4527 1162 4604 ἐς
1185 4537 1281 4617 γάμου
1304 4529 1411 4618 ὦρην);

242 4708 263 4777 ¹)
282 4709 579 4794 Exempleycongessit
597 4712 813 4770 Ameia-Hentae
831 4712 861 4767 in
878 4712 972 4768 indice
991 4711 1155 4782 appendicis
1174 4713 1206 4764 Il.
1226 4727 1246 4765 s.
1267 4731 1291 4764 v.
1312 4708 1345 4762 δέ.
