3412 5250
21 875 24 1006 l

672 405 892 468 ..35ss

326 595 351 660 E
374 601 439 664 478
462 597 593 680 καὶγὰρ
617 593 691 677 ἐγὼν
714 593 870 680 ἐπίκουρος
894 593 949 658 ἐὼν
972 596 1056 680 μάλα
1079 593 1205 683 τηλόθεν
1226 593 1284 660 ἵκω

836 699 903 786 (ἵκω
926 703 1102 782 Beklrerus
1126 701 1192 788 ἥκω
1215 700 1301 790 libri)

303 810 347 876 ib.
373 813 433 876 651
459 805 519 873 οὐδ’
543 805 674 893 ἀπέδωχ’
694 805 810 881 ἵππους,
834 805 873 870 ὧν
896 805 992 870 εἵνεκα
1080 805 1206 895 τηλόθεν
1226 806 1320 894 ἦλθεν

212 938 221 977 ι
244 919 308 982 273
331 935 346 978 ν
371 920 434 982 237
458 913 561 1000 νήπιός
583 909 633 993 εἰς,
658 911 682 975 ὦ
705 913 778 993 ξεῖν’,
802 911 822 998 ἢ
1081 915 1208 1001 τηλόθεν
1227 914 1410 1004 εἰλήλουθας

355 1043 371 1084 τ
393 1025 435 1087 28
457 1023 588 1106 χοίνικος
611 1017 746 1106 ἅπτηται,
769 1023 821 1083 καὶ
1080 1023 1207 1108 τηλόθεν
1226 1019 1420 1109 εἰληλουθώς.

249 1157 302 1222 30.
329 1155 455 1221 Rursus
493 1154 750 1220 contaminandis
787 1155 932 1220 versibus
970 1155 1151 1221 Homericis
1188 1157 1264 1222 novi
1301 1157 1423 1242 aliquid

144 1261 227 1326 effici
255 1285 275 1325 a
298 1262 417 1328 Solone
445 1261 681 1347 intellegemus.
728 1261 776 1326 De
806 1261 927 1326 medico
957 1262 1042 1326 enim
1066 1263 1173 1328 divino
1202 1267 1314 1328 narrat
1341 1263 1423 1328 liber

144 1367 275 1452 quintus
296 1367 408 1432 Iliadis

218 1475 242 1536 Ε
266 1478 326 1540 401
353 1471 441 1561 (900)
464 1483 503 1556 τῷ
527 1470 552 1534 δ’
568 1471 615 1536 ἐπὶ
630 1471 754 1558 Παιήων
776 1469 946 1560 ὀδυνήφατα
969 1477 1116 1560 φάρμακα
1138 1479 1257 1538 πάσσων
1280 1473 1422 1563 (πάσσεν),

144 1581 181 1645 de
204 1581 335 1646 medicis
358 1595 467 1646 autem
489 1580 647 1646 universis
670 1581 839 1646 Patrocles

348 1684 378 1750 Π
402 1691 443 1754 28
467 1689 535 1760 τοὺς
557 1691 610 1772 μὲν
626 1683 649 1749 τ’
662 1683 757 1773 ἰητροὶ
770 1687 999 1774 πολυφάρμακοι
1022 1686 1239 1774 ἀμφιπένονται,

21 1753 22 1794 ³
144 1795 237 1861 Unde
261 1795 477 1877 composuisse
500 1796 626 1860 videtur
647 1799 744 1878 potta
767 1793 975 1860 Atheniensis

249 1903 289 1970 fr.
303 1900 344 1966 13
356 1927 384 1970 ν.
398 1901 438 1966 57
462 1901 548 1966 ἄλλοι
571 1900 707 1972 Παιῶνος
766 1902 1005 1988 πολυφαρμάκου
1033 1899 1117 1984 ἔργον
1147 1901 1265 1986 ἔχοντες
1290 1899 1293 1989 l
1317 1899 1422 1988 ἰητροί,

250 2039 298 2102 31.
320 2035 507 2122 Fragmenti
530 2033 571 2100 13
595 2060 623 2102 v.
647 2033 689 2100 61

464 2145 511 2204 τόν
535 2141 567 2204 δὲ
589 2149 701 2214 κακαῖς
723 2143 848 2204 rotomo!
870 2136 1052 2226 κακοόμενυν
1076 2137 1239 2224 ἀργαλέοις
1260 2163 1291 2204 τε

146 2250 259 2314 animi's
282 2248 459 2334 legentium
483 2249 624 2314 inculcat
648 2247 902 2313 recordationem
925 2271 954 2312 ν.

343 2354 372 2419 Α
398 2357 439 2420 10
462 2363 565 2418 νοῦσον
588 2352 645 2416 όινὰ
667 2355 790 2438 στρατόν
814 2351 891 2437 ὦρσε
913 2359 1021 2437 κακήν,
1045 2350 1182 2416 ὀλέκοντο
1206 2353 1237 2416 δὲ
1260 2351 1336 2420 λαοί.

146 2461 205 2526 Sed
228 2461 434 2544 participium
457 2457 641 2546 κακούμενος
657 2461 810 2526 Lobeokii
834 2460 1018 2526 coniectura
1041 2465 1090 2525 est
1113 2483 1172 2544 pro
1187 2463 1306 2526 tradito
1321 2465 1423 2524 κυκω-

21 2557 22 2580 ’
146 2588 244 2651 μενοντ
279 2573 365 2633 recte
399 2568 455 2632 ille
487 2567 625 2652 quidem,
662 2589 732 2632 cum
769 2567 832 2632 hoc
865 2567 951 2649 apud
983 2567 1160 2632 Homerum
1193 2591 1266 2634 non·
1292 2569 1353 2634 nisi
1386 2570 1423 2632 de

21 2719 22 2746 ι
146 2676 274 2761 gurgite
297 2676 455 2740 undarum
480 2675 614 2753 dicatur,
644 2675 724 2740 illud
747 2675 930 2758 κακοόμενον
953 2697 1029 2740 vero
1052 2697 1249 2760 magnopere
1272 2675 1425 2739 fulciatur

146 2783 249 2867 figura
273 2783 412 2866 quadam
436 2781 651 2867 etymologica
674 2781 708 2845 in
735 2805 761 2849 ν.

335 2889 352 2952 ό
376 2894 440 2956 754
464 2889 540 2975 μηδὲ
562 2892 683 2972 γέροντα
706 2897 803 2950 κακοῦ
826 2892 1036 2972 κεκακωμένον
1061 2945 1200 2958 ,,,,,

252 3034 302 3098 32.
320 3027 494 3094 “Antandro
524 3031 656 3096 verbum
685 3031 806 3113 pariter
833 3031 865 3094 in
896 3032 1000 3113 prima
1023 3033 1097 3096 sede
1120 3032 1271 3097 adiuncto
1296 3031 1425 3096 nomine

146 3136 247 3222 χειρός
269 3139 411 3204 locatum
435 3138 544 3204 inveni
567 3138 652 3220 apud
676 3144 848 3221 utrumque
871 3137 986 3203 horum
1010 3163 1059 3206 vv.

254 3246 291 3311 lr.
305 3243 345 3308 13
356 3269 384 3310 v.
398 3243 441 3308 62
464 3241 616 3328 ἁψάμενος
638 3252 746 3328 χειροῖν
769 3240 841 3326 αἶψα
864 3240 961 3329 πίθητ’
983 3239 1049 3330 όγιή

328 3349 352 3412 Ω
378 3356 442 3418 508
466 3348 616 3435 ἁψάμενος
638 3347 663 3410 δ’
686 3349 746 3433 ἄρα
769 3353 869 3435 χειρός
894 3348 1033 3414 ἀπώσατο
1057 3349 1119 3436 ηκοι
1142 3355 1263 3435 γέροντα

147 3457 197 3544 (cf.
234 3455 264 3520 K
295 3462 369 3538 454,
409 3481 425 3520 τ
454 3455 539 3543 473).
587 3458 649 3523 Sed
687 3461 843 3541 quantum
878 3457 976 3522 distat
1011 3458 1063 3522 hic
1098 3459 1138 3524 ab
1173 3459 1248 3524 illo!
1306 3459 1425 3524 Tactus

21 3607 23 3628 .
148 3589 310 3648 manuum,
335 3565 433 3630 moris
456 3565 618 3645 cotidiani,
641 3565 836 3630 mentionem
864 3564 943 3629 facit
964 3587 1076 3630 versus
1099 3565 1306 3642 Homericus3
1335 3570 1424 3630 tactu

146 3695 299 3737 manuum
323 3694 438 3756 aegros
462 3671 569 3736 subito
593 3672 789 3736 revalescere
813 3671 891 3736 mire
914 3671 1023 3753 prodit
1041 3671 1157 3737 Solon:
1181 3695 1276 3756 quam
1301 3671 1425 3736 diversa

147 3779 263 3844 eisdem
288 3778 394 3843 verbis
417 3779 655 3861 exprimuntur!
689 3778 736 3844 Ut
764 3779 864 3864 igitur
891 3779 995 3844 forma
1023 3779 1063 3844 ad
1087 3779 1264 3844 Homerum
1288 3785 1423 3861 spectat,

146 3885 192 3949 its
214 3907 266 3949 res
288 3884 359 3966 ipsa
382 3907 491 3950 sacrae
514 3885 692 3968 scripturae
716 3907 777 3950 nos
799 3884 997 3950 Christianos
1026 3885 1191 3963 admonet3
1221 3891 1311 3950 tactu
1340 3886 1422 3950 enim

147 4013 299 4056 manuum
323 3992 465 4056 salvator
487 3993 615 4077 generis
638 3991 770 4056 humani
787 3991 864 4058 Iairi
887 3991 1018 4056 filiolam
1044 3993 1082 4056 de
1103 3991 1238 4057 mortuis
1254 3993 1425 4057 suscitasse

147 4102 297 4162 narratur
325 4119 483 4163 consensu
512 4099 706 4182 scriptorum
736 4095 895 4183 evangelii
924 4120 1004 4182 quos
1033 4104 1150 4163 vocant
1182 4099 1423 4182 synopticorum

21 4205 23 4222 '
147 4203 263 4269 Matth.
288 4209 351 4282 9‚a.a
384 4199 528 4289 ἐκράτησε
552 4215 604 4290 της
626 4206 726 4289 χειρός
749 4200 848 4288 αόιής,
895 4203 993 4268 Marc.
1020 4208 1083 4280 ἵκευ
1112 4200 1160 4266 ἵνα
1191 4200 1290 4266 ἐλθὼν
1318 4201 1426 4287 ἐπιθῇς

148 4313 200 4387 τὰς
222 4319 327 4394 χεῖρας
348 4306 432 4393 αότή,
458 4315 517 4378 541
546 4315 701 4396 κρατήσας
723 4321 775 4396 της
798 4313 899 4394 χειρός
921 4318 970 4372 τοῦ
993 4309 1118 4376 παιδίου.
1157 4313 1236 4376 Item
1253 4312 1329 4376 Luc.
1347 4315 1423 4392 8,ιιι.

253 4456 303 4519 33.
327 4453 488 4517 Homerus
516 4452 587 4517 voci
616 4447 727 4514 ἐσθλόν
755 4452 891 4533 opponit
913 4456 1008 4515 κακόν
1031 4453 1170 4536 exempli
1191 4455 1298 4540 gratia
1321 4458 1336 4525 ζ
1362 4459 1423 4520 189

147 4560 170 4618 θ
195 4564 258 4624 553
288 4555 341 4642 (cl.
366 4559 486 4637 Ameis,
516 4559 652 4640 append.
683 4559 723 4622 ad
752 4555 876 4644 τ334).
924 4558 1070 4624 Eundem
1098 4583 1191 4625 usunr
1221 4567 1349 4626 secutus
1377 4567 1426 4626 est

21 4677 22 4684 ’
148 4663 551 4732 fflmmstssuffl

352 4770 454 4856 Μοῖρα
477 4772 509 4835 δέ
531 4793 575 4835 τοι
597 4773 730 4858 θνητοῖσι
753 4775 847 4836 κακόν
870 4775 949 4858 φέρει
971 4769 1025 4859 ἠδὲ
1047 4777 1100 4836 καὶ
1122 4771 1241 4838 ἐσθλόν.
