3412 5250
783 325 1004 386 ..10-

361 515 397 602 g)
421 517 456 581 in
479 517 645 582 secunda
668 517 747 582 arsi
770 517 1012 598 pentametri
1036 513 1129 579 ἐπέων
1152 514 1202 602 (tr.
1230 521 1301 594 la).
1342 517 1420 583 Gum
1444 519 1539 584 codd.

255 623 282 687 B
306 625 368 688 ab
393 623 469 686 ἐπῶν
493 625 631 705 tradant,
655 623 739 689 tueri
763 624 864 688 audeo
888 622 989 702 ἐπέων,
1022 602 1108 708 quod
1132 623 1232 690 Solon
1256 624 1433 709 genitivum
1464 626 1542 708 plu-

254 733 354 796 ralem
379 731 545 796 nominum
568 732 656 797 tertii
679 731 801 796 ordinis
824 731 857 795 in
875 753 907 802 ος
931 731 1144 796 desinentium
1162 731 1250 814 (vide
1267 735 1375 817 νεφέων
1391 732 1429 796 fr.
1451 737 1537 812 13‚re

255 839 289 902 in
312 839 409 903 tertia
432 839 508 919 arsi)
532 862 598 904 non
622 839 820 904 contraxisse
843 839 922 903 mihi
945 839 1082 917 videtur,
1106 838 1228 920 pariter
1251 843 1348 924 atque
1364 837 1540 918 Homerus⁹

257 945 311 1028 qui
334 945 466 1028 insuper
489 945 631 1012 abstinet
653 945 800 1032 synizesi,
826 945 863 1011 de
887 967 951 1030 quo
975 946 1127 1028 inspicias
1147 946 1292 1011 Menradi
1305 946 1423 1012 librum
1439 969 1540 1028 supra

257 1053 377 1120 dictum
399 1077 431 1136 p.
458 1057 509 1120 79.

363 1178 398 1256 h)
422 1173 566 1240 Μουσέων
601 1177 670 1256 (ubi
697 1177 772 1242 libri
800 1178 1011 1258 manuscripti
1034 1177 1193 1242 fluctuant
1220 1178 1305 1242 inter
1333 1182 1472 1262 μουσάων
1506 1184 1539 1243 et

257 1283 386 1368 μουσῶν)
410 1307 482 1350 cum
506 1262 644 1368 svnizesi

418 1394 451 1473 α)
476 1393 509 1456 in
534 1396 674 1476 quarta
698 1391 777 1456 arsi
800 1388 851 1478 (tr.
878 1387 975 1477 13,οι)

418 1500 449 1583 β)
472 1500 506 1564 in
530 1499 697 1565 secunda
720 1499 797 1564 arsi
820 1496 870 1580 (fr.
897 1503 981 1578 20,ο;
1011 1498 1100 1562 codd.
1128 1497 1223 1562 OBa
1247 1521 1263 1562 c
1292 1495 1451 1578 Μουσάων,
1483 1501 1540 1565 sed

258 1605 415 1687 Gomperz
448 1607 481 1670 in
516 1606 660 1690 reliquiis
695 1607 826 1671 chartae
861 1605 934 1670 Vol.
959 1604 1054 1670 Herc.
1087 1605 1159 1668 coll.
1182 1605 1215 1670 II
1249 1606 1311 1672 vol.
1337 1607 1424 1686 Χίων
1460 1609 1539 1673 scite

258 1713 437 1796 indagavit:
464 1765 470 1778 .
495 1763 503 1778 .
530 1763 536 1778 .
564 1714 646 1778 ,ναὶ
668 1709 798 1774 Μουσῶν
825 1717 862 1776 ut
891 1711 967 1776 dicit
989 1711 1099 1796 Bergk
1122 1710 1224 1776 Pte*
1253 1714 1315 1777 vol.
1340 1712 1372 1778 Il
1395 1737 1425 1795 p.
1452 1712 1538 1802 520).

258 1818 405 1903 Utroque
428 1820 499 1884 loco
523 1824 660 1884 metrum
684 1819 786 1885 vetuit
803 1819 956 1884 Solonem
972 1819 1093 1904 fingere
1110 1814 1270 1884 Μουσάων.
1315 1820 1539 1896 Quaerendum

259 1931 308 1992 est
329 1926 440 2011 igitur,
464 1932 571 1990 utrum
595 1927 648 1990 hic
670 1931 767 2009 potita
783 1921 912 1987 Μουσῶν
936 1949 977 1990 an
993 1925 1095 1991 Jonas
1111 1931 1251 1998 secutus,
1276 1933 1312 1992 ut
1332 1933 1427 2009 putat
1442 1929 1538 1993 etiarn

259 2034 428 2098 ltennerus
451 2057 482 2115 p.
500 2036 564 2100 205
587 2033 620 2097 in
638 2032 739 2098 curtii
762 2033 877 2097 studiis
901 2037 924 2097 t.
939 2032 961 2111 l,
979 2029 1123 2095 Μουσέων
1139 2033 1313 2115 scripserit.
1347 2035 1383 2098 ln
1398 2024 1539 2100 iambis

259 2145 344 2204 certe
377 2145 560 2204 contractas
594 2140 715 2204 termas
742 2149 797 2202 -ῶν
829 2140 1006 2222 usurpavit,
1035 2118 1121 2224 quod
1149 2141 1373 2206 demonstrant
1399 2137 1540 2227 Ἀθηνῶν

259 2246 309 2325 (lr.
336 2249 430 2326 33‚e)‚
455 2245 600 2308 δεσποτῶν
625 2247 676 2325 (fr.
703 2249 804 2328 321⁴)
827 2247 902 2332 H1).
951 2247 1013 2312 Sed
1043 2248 1077 2311 in
1105 2247 1246 2330 elegiis
1277 2249 1402 2314 nullum
1435 2272 1540 2314 exem-

259 2355 347 2436 plum
371 2355 451 2418 satis
474 2355 600 2418 firmum
617 2355 759 2440 genetivi
773 2357 856 2438 plur.
881 2354 1158 2420 substantivorum
1174 2355 1271 2436 primi
1287 2356 1408 2420 ordinis
1424 2362 1539 2435 exstat,

261 2483 335 2524 nam
359 2457 607 2546 Σαλαμιναφετῶν
631 2463 682 2536 (fr.
708 2468 737 2527 2.
764 2463 825 2544 3,ι)
849 2484 914 2526 non
937 2462 1011 2526 libri
1033 2462 1176 2538 tradunt,
1205 2463 1262 2526 sed
1285 2463 1469 2528 coniectura
1492 2468 1541 2528 est

261 2567 308 2633 Js.
333 2567 430 2632 Vossi
454 2576 486 2632 et
510 2568 697 2648 Hermanni‚
722 2573 759 2634 ut
782 2569 892 2634 eodem
909 2569 977 2634 iure
993 2565 1258 2654 Σαλαμιναφετέων
1281 2570 1381 2655 legas
1421 2569 1540 2656 (Unum

262 2675 347 2760 quod
371 2680 473 2740 restat
498 2672 599 2759 ἀρχῶν
624 2677 675 2757 (fr.
694 2678 748 2758 30)
773 2681 806 2740 et
829 2700 848 2740 a
872 2676 1071 2740 nominativo
1088 2673 1186 2760 ἀρχὸς
1205 2653 1345 2742 tortasse
1363 2679 1542 2742 ducendum

261 2789 310 2848 est
333 2787 366 2847 et
388 2783 422 2847 in
446 2783 630 2868 fragmento
653 2784 763 2866 spurio
787 2784 860 2868 est.)
908 2783 1011 2860 Quid?
1036 2785 1122 2868 quod
1138 2783 1299 2848 Homerus
1317 2785 1383 2868 ipse
1400 2787 1542 2867 coepisse

261 2891 387 2956 videtur
410 2895 610 2955 contracto
636 2891 784 2976 genetivo
807 2900 863 2952 -ῶν
886 2892 944 2956 nti.
992 2891 1071 2955 Dico
1096 2891 1296 2969 eonomine,
1329 2915 1411 2976 quae
1439 2894 1542 2958 vocali

261 3019 269 3057 ι
299 2996 509 3061 antecedente
537 3002 731 3062 excusantur
765 3001 802 3061 ut
823 2993 945 3078 Σκαιῶν
973 2997 1100 3082 aliaque
1128 2995 1273 3083 (Menrad
1301 3022 1333 3081 p.
1360 2999 1427 3082 40).
1473 3000 1542 3064 Hac

262 3105 295 3168 in
322 3127 357 3168 re
390 3127 461 3168 cum
490 3105 654 3170 codicibus
684 3105 778 3170 nimis
811 3127 877 3169 non
911 3105 1101 3170 credendum
1130 3105 1186 3184 sit,
1222 3106 1308 3189 quod
1338 3111 1369 3170 et
1398 3107 1541 3172 codicum

261 3213 417 3276 lectiones
439 3213 599 3278 fluctuant
623 3217 654 3277 et
677 3213 860 3298 fragmenta
876 3212 1005 3278 Solonis
1025 3213 1130 3278 solum
1146 3237 1164 3276 a
1179 3214 1413 3294 posterioribus
1433 3218 1543 3278 aucto-

262 3319 351 3383 ribus
374 3319 552 3384 recentiore
577 3319 686 3384 Attica
717 3321 854 3385 dialecto
883 3321 949 3384 usis
980 3321 1099 3384 tradita
1124 3324 1210 3392 sunt,
1238 3319 1465 3402 inscriptiones
1489 3343 1543 3384 ex-

263 3425 434 3509 quirendas
457 3447 581 3492 censeo,
629 3427 672 3490 Et
687 3426 951 3491 Meisterhansius
968 3426 1095 3510 quidem
1120 3427 1166 3503 (in
1182 3428 1392 3511 grammatica
1408 3428 1542 3508 inscrip-

262 3534 389 3598 tionum
414 3533 629 3617 Αῶὶοοιυιιι)2
652 3557 683 3616 p.
710 3538 752 3599 94
782 3535 846 3598 iarn
878 3533 1063 3618 genetivum
1096 3529 1252 3618 ὀρχηστῶν
1275 3534 1308 3598 in
1332 3533 1542 3615 inscriptione

263 3641 391 3723 septimi
422 3641 541 3704 saeculi
572 3645 647 3706 ante
676 3639 748 3706 chr.
783 3645 894 3705 natum
923 3640 1054 3718 invenit,
1084 3641 1219 3706 scilicet:
1256 3638 1289 3710 ὃς
1318 3648 1365 3702 νῶν
1388 3636 1543 3724 ὀρχηστῶν

263 3751 375 3809 πάντων
398 3745 574 3810 ἀταλῶτοιτα
597 3743 692 3818 παίζει
715 3799 722 3812 .
748 3797 756 3813 .
782 3801 788 3814 .
815 3746 861 3831 ,2)
909 3745 998 3822 Quae
1022 3770 1094 3812 cum
1124 3747 1170 3811 ita
1193 3747 1268 3826 sint,
1297 3747 1377 3812 haec
1401 3747 1450 3811 est
1472 3769 1543 3811 mea

265 3854 374 3935 opinio
401 3859 507 3920 aetate
535 3854 664 3922 Solonis
694 3855 879 3940 genetivum
910 3875 964 3916 εων
991 3855 1055 3918 iam
1083 3854 1344 3938 monosyllabum
1372 3877 1543 3937 pronun-

264 3962 404 4024 tiatum
430 3984 498 4026 esse
522 3963 562 4026 ab
586 3962 775 4045 aequalibus
795 3962 1059 4042 Atheniensibus
1083 3961 1146 4025 etsi
1170 3983 1208 4026 ex
1231 3960 1352 4026 Jonum
1376 3983 1465 4026 more
1488 3981 1542 4022 εων

265 4067 384 4131 diutius
407 4069 660 4134 scribebatur.
707 4069 778 4132 lure
801 4069 902 4153 igitur
926 4068 1065 4146 drusius,
1095 4068 1150 4152 qui
1177 4072 1359 4151 postremus
1391 4069 1543 4152 reliquias

264 4175 436 4258 lyricorum
461 4175 655 4241 Graecorum
679 4181 823 4240 veterum
846 4175 880 4238 in
904 4173 1094 4259 anthologia
1120 4174 1227 4254 edidit,
1260 4175 1343 4239 sicut
1366 4174 1542 4259 Bergkium

265 4283 456 4364 scripturam
480 4304 534 4344 eov
569 4306 635 4347 non
666 4287 807 4347 mutasse
838 4304 961 4347 censeo
1010 4283 1059 4345 Ex
1095 4282 1140 4346 eis
1175 4287 1299 4360 autem,
1336 4304 1418 4365 quae
1448 4281 1542 4345 modo

372 4457 393 4524 ι)
411 4461 453 4524 ‚H'
464 4461 562 4517 littera
586 4462 729 4529 significat
754 4461 966 4530 ,Anthologiam
985 4461 1121 4530 lyricam‘,
1146 4479 1232 4530 quam
1252 4462 1282 4516 0.
1303 4460 1417 4514 Orosius
1434 4460 1543 4516 Hillero

265 4551 377 4604 mortuo
397 4550 486 4604 edidit
503 4551 615 4620 Lipsiae
637 4551 714 4603 1897.

372 4634 396 4704 ε)
416 4639 488 4694 Vide
501 4640 761 4710 Furtwaenglerum
780 4639 810 4693 in
828 4639 1037 4708 ‚Mitteilungen
1051 4641 1099 4695 des
1112 4641 1265 4695 deutschen
1279 4640 1544 4710 archaeelogischen

266 4728 399 4782 Instituta
418 4728 447 4784 in
467 4729 569 4787 Athen'
588 4730 635 4784 VI.
655 4749 682 4803 p.
705 4730 755 4781 106
773 4747 831 4798 sqq.
