3412 5250
687 393 908 452 „15-

266 585 312 650 17.
336 581 435 649 Solon
458 583 493 648 in
517 584 546 648 fr
578 579 619 646 13
643 608 673 650 ν.
697 582 740 648 53

549 688 640 753 ἄλλον
663 694 761 776 μάντιν
785 689 894 776 ἔθηκεν
918 687 990 760 άναξ
1013 684 1156 772 ἑκάεργος
1179 685 1335 752 Ἀπόλλων

158 797 306 880 Apollini
338 798 450 862 eadem
481 796 625 878 epitheta
653 797 777 870 tribuit,
808 818 890 879 quae
915 795 1087 862 Homerus
1134 796 1336 860 Documento
1365 800 1441 861 sunt

259 899 285 966 Ο
309 908 374 970 253
397 898 429 965 Φ
453 907 515 970 461
541 905 589 966 τὸν
612 898 638 964 δ’
648 899 719 966 αὖτε
742 905 895 986 προσέειπε
918 901 990 974 ἄναξ
1013 899 1155 986 ἑκάεργος
1176 897 1344 968 Ἀπόλλων,

238 1012 306 1088 (sed
329 1010 430 1076 Belrlr.
456 1011 524 1076 cod.
550 1010 573 1076 0
596 1017 629 1076 et
651 1009 738 1093 Lips.
763 1015 893 1075 secutus
916 1007 989 1080 άναξ
1011 1007 1080 1080 Διὸς
1103 1005 1191 1089 υἱός),

158 1123 327 1200 praeterea
350 1118 373 1179 0
397 1119 494 1197 323¹)
518 1117 549 1183 h.
571 1119 632 1200 Ap.
657 1115 718 1204 (P.)
743 1122 816 1190 357,
833 1121 907 1192 382,
925 1121 1000 1194 420,
1018 1119 1083 1182 440
1107 1117 1139 1184 h.
1156 1117 1253 1182 Mero.
1271 1120 1346 1196 333,
1365 1121 1439 1184 500.

159 1224 284 1290 Omitto
307 1225 463 1306 simplicis
487 1225 678 1290 elocutionis
701 1220 845 1308 ἑκάεργος
866 1219 1024 1286 Ἀπολλων
1047 1246 1141 1289 usum
1164 1224 1316 1306 proferre.

267 1359 315 1424 18.
339 1357 518 1424 Secundam
542 1363 668 1440 partem
691 1356 885 1440 pentametri
908 1357 947 1421 fr.
972 1353 1012 1420 13
1036 1381 1064 1421 v.
1090 1355 1137 1420 60

483 1459 559 1526 κοάκ
582 1463 617 1527 ἄν
641 1487 683 1536 τις
705 1457 816 1527 λάσαιτ’
835 1459 843 1530 l
861 1461 934 1549 ἤπια
958 1466 1105 1550 φάρμακα
1129 1460 1199 1536 δούς
1255 1477 1258 1485 ’

456 1568 507 1658 (cf.
533 1573 712 1638 clausulam
735 1567 851 1655 ῥύματα
874 1570 972 1642 δόντες
995 1571 1033 1638 lr.
1062 1573 1143 1652 lla)

158 1678 258 1744 Solon
282 1679 409 1764 pepigit
432 1679 577 1744 imitatus
601 1679 734 1744 Homeri
757 1701 884 1743 versus:

258 1783 283 1848 Δ
307 1791 370 1852 218
390 1809 436 1870 sq.
460 1781 521 1870 αἷμ’
544 1783 716 1872 ἐκμυζήσας
771 1782 814 1847 ἐπ’
825 1782 872 1868 ἄρ’
883 1783 956 1870 ἤπια
979 1789 1127 1871 φάρμακα
1149 1781 1234 1858 εἰδὼς
1259 1785 1261 1874 l
1287 1790 1382 1848 πάσσε

252 1890 283 1954 Λ
309 1891 392 1978 [515]
460 1889 524 1965 'robe
546 1890 569 1954 τ’
592 1890 742 1979 ἐκτάμνειν
769 1889 815 1954 ἐπί
837 1888 861 1952 τ’
883 1891 955 1978 ἤπια
979 1895 1126 1978 φάρμακα
1148 1897 1268 1955 πάσσειν

240 2002 282 2066 ib.
309 2005 372 2066 830
462 1997 511 2072 νίζ’
533 1997 615 2063 άδοια
638 2001 742 2083 λιαρῷ,
767 1996 813 2062 ἐπὶ
834 1995 859 2060 δ’
881 1998 954 2084 ἤπια
977 2003 1123 2086 φάρμακα
1146 2004 1249 2064 πάσσε.

160 2107 266 2182 Quid?
298 2108 333 2171 Si
362 2109 582 2172 hexametrum
612 2109 684 2173 loco
717 2107 911 2190 pentametri
940 2107 1086 2172 finxisset
1113 2109 1177 2188 ille,
1207 2109 1441 2191 fieripoterat

159 2218 196 2279 ut
226 2215 321 2279 etiam
353 2217 453 2280 verbo
486 2211 662 2277 ἐπι-πάσσον
694 2238 733 2280 ex
760 2237 849 2279 more
874 2214 1046 2280 Homerico
1077 2209 1175 2280 fuerit
1206 2238 1338 2295 usurus;
1370 2239 1441 2282 cum

160 2322 268 2386 autem
292 2322 321 2386 ei
343 2322 546 2404 pentameter
569 2323 755 2387 condendus
779 2327 872 2400 esset,
902 2326 934 2386 et
963 2321 1044 2386 illud
1068 2317 1114 2383 ἐπί
1138 2323 1196 2387 eici
1220 2345 1350 2389 necesse
1374 2330 1443 2390 erat

160 2433 193 2494 ct
216 2429 474 2514 monosyllabum
498 2429 568 2500 ooo<
590 2452 649 2512 pro
673 2433 793 2491 πάσσων
816 2429 971 2496 adhiberi.

267 2565 316 2630 19.
340 2563 527 2628 Hexametri
556 2567 682 2646 partem
711 2563 849 2645 priorem
880 2585 1011 2627 caesura
1040 2563 1267 2646 semiquinaria
1291 2561 1387 2648 (quae
1411 2571 1443 2631 et

159 2669 383 2755 πενθημιμερής
406 2670 509 2754 audit)
538 2694 557 2734 a
579 2669 758 2752 posteriore
781 2674 873 2752 parte
898 2674 1078 2752 separatam
1105 2667 1152 2756 (-
1171 2677 1199 2710 o
1214 2685 1236 2714 r'
1256 2708 1290 2716 -
1310 2679 1375 2713 oo
1394 2670 1462 2758 -l¹

161 2777 201 2840 ad
233 2777 476 2842 alteramutram
510 2777 705 2859 pentametri
742 2781 869 2860 partem
905 2777 1095 2859 explendam
1129 2778 1250 2860 optime
1286 2781 1442 2862 quadrare

160 2883 264 2967 quivis
288 2906 495 2949 numerorum
518 2883 642 2967 peritus
665 2883 828 2968 intellegit
851 2885 883 2948 et
905 2882 1066 2948 intellexit
1089 2883 1206 2949 Solon:

316 2991 353 3054 lr.
379 2989 418 3054 13
442 3015 471 3058 v.
496 2988 538 3054 74
560 2989 669 3073 κέρδεά
691 3011 734 3052 τοι
757 2991 877 3076 θνητοῖς
903 2986 907 3076 1
932 2987 1054 3052 ὤπασαν
1078 2988 1223 3054 ἀθάνατοι

320 3099 352 3164 h,
378 3098 444 3166 Cer.
470 3102 534 3164 220
558 3095 679 3159 ὤπασαν
703 3096 848 3160 ἀθάνατοι
902 3095 905 3184 Ι
931 3095 1118 3183 πολυάρητος
1142 3098 1173 3160 δέ
1197 3101 1246 3183 μοί
1269 3095 1370 3185 aad).

267 3233 318 3298 20.
342 3231 542 3316 Quicumque
565 3232 683 3316 legerit
705 3229 745 3296 fr.
770 3230 812 3295 la
835 3255 863 3296 v.
889 3229 908 3294 l

374 3335 438 3401 Νυν
461 3337 492 3400 δὲ
515 3339 551 3401 ob
575 3341 626 3424 μὲν
650 3335 776 3400 Σολίοισι
799 3339 889 3400 πολὺν
912 3335 1018 3423 χρόνον
1041 3335 1142 3402 ἐνθάδ’
1165 3337 1310 3422 ἀνάσσων,

159 3445 382 3511 reminiscatur
405 3445 535 3511 illorum

231 3549 257 3613 B
281 3557 345 3618 343
369 3548 521 3638 εὑρέμεναι
544 3552 726 3638 δυνάμεσθα,
796 3554 887 3616 πολὺν
910 3557 1016 3638 χρόνον
1041 3549 1142 3616 ἐνθάδ’
1166 3550 1270 3634 ἐόντες,

160 3665 198 3724 cl.
223 3658 240 3718 δ
265 3663 338 3739 594,
365 3664 428 3726 599
453 3681 469 3721 ο
494 3663 547 3740 68,
572 3663 646 3726 545.
694 3660 943 3744 Respiciendum
967 3681 1096 3746 quoque
1120 3666 1200 3743 puto
1223 3663 1314 3724 πολὺν
1337 3659 1443 3747 χρόνον

159 3768 193 3830 in
217 3768 326 3832 eadem
351 3767 425 3832 sede
448 3767 497 3832 bis
520 3767 554 3830 in
576 3767 675 3831 lliade
699 3764 734 3854 (Γ
750 3772 821 3847 157,
838 3763 926 3852 Μ9),
951 3768 1051 3833 octies
1073 3769 1107 3832 in
1124 3767 1184 3834 od.
1208 3766 1236 3855 (β
1254 3772 1312 3836 115
1338 3768 1355 3830 δ
1368 3775 1442 3848 543,

161 3877 225 3940 675
250 3877 344 3939 ε319
368 3874 465 3939 λ161
492 3894 513 3934 π
529 3877 592 3941 207
617 3879 695 3960 φ70
720 3896 744 3936 u
765 3878 851 3954 218),
876 3877 976 3940 semel
999 3876 1033 3939 in
1057 3875 1185 3960 hymnis
1210 3877 1254 3956 (h.
1280 3876 1349 3942 Cer.
1375 3882 1442 3960 94).

267 4009 314 4072 21.
337 4007 421 4091 Equi
444 4007 653 4072 nominantur
676 4007 867 4091 solidipedes
890 4009 923 4072 in
949 4010 986 4072 lr.
1010 4007 1052 4072 23
1077 4033 1105 4074 v.
1130 4007 1148 4072 l

371 4110 503 4196 Ὄλβιος,
528 4111 551 4197 ᾧ
574 4113 679 4186 παῖδές
702 4137 732 4178 τε
755 4115 834 4202 φίλοι
878 4110 931 4177 καὶ
954 4118 1090 4201 μώνυχες
1110 4112 1202 4189 ἵπποι,

160 4221 262 4287 nihilo
293 4222 399 4287 minus
428 4222 461 4286 in
490 4221 624 4286 Homeri
656 4223 851 4288 carminibus
882 4223 979 4306 idque
1010 4223 1124 4288 octies,
1170 4221 1293 4297 Quibus
1324 4221 1444 4287 elocis

158 4329 305 4411 proxime
330 4329 370 4393 ad
393 4329 455 4394 hoc
479 4328 609 4394 Solonis
632 4326 807 4394 acceditrl
834 4333 898 4396 708

373 4433 470 4520 ἦλθον
494 4431 576 4520 ὁμῶς
594 4430 676 4497 αι’)τοὶ
699 4457 729 4496 τε
752 4435 853 4506 πολεῖς
875 4437 928 4498 καὶ
951 4439 1087 4521 μώνυχες
1106 4431 1197 4503 ἵπποι.

267 4611 288 4680 ¹)
307 4613 401 4670 Semel
419 4613 509 4684 igitur
527 4613 557 4668 in
578 4613 711 4683 Odyssea.

265 4699 289 4771 ²)
307 4703 438 4760 Ceterum
466 4704 501 4759 de
527 4703 571 4757 dis
594 4703 713 4758 verbum
745 4701 845 4763 ὀπάζειν
867 4703 974 4768 passim
1000 4704 1152 4760 adhibetur
1178 4709 1210 4759 ut
1239 4701 1329 4754 Zrao
1355 4702 1447 4756 8498

159 4794 225 4846 ν45
244 4811 258 4845 o
279 4795 311 4846 19
330 4795 348 4864 ψ
367 4794 426 4846 mo,

1496 4011 1534 4076 sr.
1554 4013 1598 4060 23.
